

@ARTICLE{2004A&A...417..751A,
   author = {{Asplund}, M. and {Grevesse}, N. and {Sauval}, A.~J. and {Allende Prieto}, C. and
  {Kiselman}, D.},
    title = "{Line formation in solar granulation. IV. [O I], O I and OH lines and the photospheric O abundance}",
  journal = {\aap},
   eprint = {astro-ph/0312290},
 keywords = {convection, line: formation, Sun: abundances, Sun: granulation, Sun: photosphere},
     year = 2004,
    month = apr,
   volume = 417,
    pages = {751-768},
      doi = {10.1051/0004-6361:20034328},
   adsurl = {http://adsabs.harvard.edu/abs/2004A%26A...417..751A},
  adsnote = {Provided by the SAO/NASA Astrophysics Data System}
}


@ARTICLE{2009ARA&A..47..481A,
   author = {{Asplund}, M. and {Grevesse}, N. and {Sauval}, A.~J. and {Scott}, P.
  },
    title = "{The Chemical Composition of the Sun}",
  journal = {\araa},
archivePrefix = "arXiv",
   eprint = {0909.0948},
 primaryClass = "astro-ph.SR",
     year = 2009,
    month = sep,
   volume = 47,
    pages = {481-522},
      doi = {10.1146/annurev.astro.46.060407.145222},
   adsurl = {http://adsabs.harvard.edu/abs/2009ARA%26A..47..481A},
  adsnote = {Provided by the SAO/NASA Astrophysics Data System}
}

@ARTICLE{2006A&A...451...99B,
   author = {{Battinelli}, P. and {Demers}, S. and {Kunkel}, W.~E.},
    title = "{Photometric survey of the polar ring galaxy NGC 6822}",
  journal = {\aap},
   eprint = {astro-ph/0603558},
     year = 2006,
    month = may,
   volume = 451,
    pages = {99-108},
      doi = {10.1051/0004-6361:20054718},
   adsurl = {http://adsabs.harvard.edu/abs/2006A%26A...451...99B},
  adsnote = {Provided by the SAO/NASA Astrophysics Data System}
}


@ARTICLE{Bastian10,
   author = {{Bastian}, N. and {Covey}, K.~R. and {Meyer}, M.~R.},
    title = "{A Universal Stellar Initial Mass Function? A Critical Look at Variations}",
  journal = {ARA\&A},
archivePrefix = "arXiv",
   eprint = {1001.2965},
 primaryClass = "astro-ph.GA",
     year = 2010,
    month = sep,
   volume = 48,
    pages = {339-389},
      doi = {10.1146/annurev-astro-082708-101642},
   adsurl = {http://adsabs.harvard.edu/abs/2010ARA%26A..48..339B},
  adsnote = {Provided by the SAO/NASA Astrophysics Data System}
}

@ARTICLE{2014arXiv1412.6527B,
   author = {{Bergemann}, M. and {Kudritzki}, R.-P. and {Gazak}, Z. and {Davies}, B. and
  {Plez}, B.},
    title = "{Red Supergiant Stars as Cosmic Abundance Probes. III. NLTE effects in J-band Magnesium lines}",
  journal = {ArXiv e-prints},
archivePrefix = "arXiv",
   eprint = {1412.6527},
 primaryClass = "astro-ph.SR",
 keywords = {Astrophysics - Solar and Stellar Astrophysics},
     year = 2014,
    month = dec,
   adsurl = {http://adsabs.harvard.edu/abs/2014arXiv1412.6527B},
  adsnote = {Provided by the SAO/NASA Astrophysics Data System}
}


@ARTICLE{2013ApJ...764..115B,
   author = {{Bergemann}, M. and {Kudritzki}, R.-P. and {W{\"u}rl}, M. and
  {Plez}, B. and {Davies}, B. and {Gazak}, Z.},
    title = "{Red Supergiant Stars as Cosmic Abundance Probes. II. NLTE Effects in J-band Silicon Lines}",
  journal = {\apj},
archivePrefix = "arXiv",
   eprint = {1212.2649},
 primaryClass = "astro-ph.SR",
 keywords = {galaxies: abundances, line: formation, radiative transfer, stars: abundances, stars: late-type, supergiants},
     year = 2013,
    month = feb,
   volume = 764,
      eid = {115},
    pages = {115},
      doi = {10.1088/0004-637X/764/2/115},
   adsurl = {http://adsabs.harvard.edu/abs/2013ApJ...764..115B},
  adsnote = {Provided by the SAO/NASA Astrophysics Data System}
}


@ARTICLE{2012ApJ...751..156B,
   author = {{Bergemann}, M. and {Kudritzki}, R.-P. and {Plez}, B. and {Davies}, B. and
  {Lind}, K. and {Gazak}, Z.},
    title = "{Red Supergiant Stars as Cosmic Abundance Probes: NLTE Effects in J-band Iron and Titanium Lines}",
  journal = {\apj},
archivePrefix = "arXiv",
   eprint = {1204.0511},
 primaryClass = "astro-ph.SR",
 keywords = {galaxies: abundances, line: formation, radiative transfer, stars: abundances, stars: late-type, supergiants},
     year = 2012,
    month = jun,
   volume = 751,
      eid = {156},
    pages = {156},
      doi = {10.1088/0004-637X/751/2/156},
   adsurl = {http://adsabs.harvard.edu/abs/2012ApJ...751..156B},
  adsnote = {Provided by the SAO/NASA Astrophysics Data System}
}


@ARTICLE{Bonnell01,
   author = {{Bonnell}, I.~A. and {Bate}, M.~R. and {Clarke}, C.~J. and {Pringle}, J.~E.
	},
    title = "{Competitive accretion in embedded stellar clusters}",
  journal = {MNRAS},
   eprint = {arXiv:astro-ph/0102074},
 keywords = {STARS: FORMATION, STARS: LUMINOSITY FUNCTION, MASS FUNCTION, OPEN CLUSTERS AND ASSOCIATIONS: GENERAL},
     year = 2001,
    month = may,
   volume = 323,
    pages = {785-794},
      doi = {10.1046/j.1365-8711.2001.04270.x},
   adsurl = {http://adsabs.harvard.edu/abs/2001MNRAS.323..785B},
  adsnote = {Provided by the SAO/NASA Astrophysics Data System}
}

@ARTICLE{Bonnell08,
   author = {{Bonnell}, I.~A. and {Clark}, P. and {Bate}, M.~R.},
    title = "{Gravitational fragmentation and the formation of brown dwarfs in stellar clusters}",
  journal = {MNRAS},
archivePrefix = "arXiv",
   eprint = {0807.0460},
 keywords = {stars: formation , stars: low-mass, brown dwarfs , stars: luminosity function, mass function , ISM: clouds , globular clusters: general},
     year = 2008,
    month = oct,
   volume = 389,
    pages = {1556-1562},
      doi = {10.1111/j.1365-2966.2008.13679.x},
   adsurl = {http://adsabs.harvard.edu/abs/2008MNRAS.389.1556B},
  adsnote = {Provided by the SAO/NASA Astrophysics Data System}
}

@ARTICLE{2013ApJ...779..115B,
   author = {{Bovy}, J. and {Rix}, H.-W.},
    title = "{A Direct Dynamical Measurement of the Milky Way's Disk Surface Density Profile, Disk Scale Length, and Dark Matter Profile at 4 kpc {\lt}\~{} R {\lt}\~{} 9 kpc}",
  journal = {\apj},
archivePrefix = "arXiv",
   eprint = {1309.0809},
 primaryClass = "astro-ph.GA",
 keywords = {Galaxy: abundances, Galaxy: disk, Galaxy: fundamental parameters, Galaxy: kinematics and dynamics, Galaxy: structure, solar neighborhood},
     year = 2013,
    month = dec,
   volume = 779,
      eid = {115},
    pages = {115},
      doi = {10.1088/0004-637X/779/2/115},
   adsurl = {http://adsabs.harvard.edu/abs/2013ApJ...779..115B},
  adsnote = {Provided by the SAO/NASA Astrophysics Data System}
}


@ARTICLE{Bresolin09,
   author = {{Bresolin}, F. and {Gieren}, W. and {Kudritzki}, R.-P. and {Pietrzy{\'n}ski}, G. and
	{Urbaneja}, M.~A. and {Carraro}, G.},
    title = "{Extragalactic Chemical Abundances: Do H II Regions and Young Stars Tell the Same Story? The Case of the Spiral Galaxy NGC 300}",
  journal = {ApJ},
archivePrefix = "arXiv",
   eprint = {0905.2791},
 primaryClass = "astro-ph.CO",
 keywords = {galaxies: abundances, galaxies: individual: NGC 300, galaxies: ISM},
     year = 2009,
    month = jul,
   volume = 700,
    pages = {309-330},
      doi = {10.1088/0004-637X/700/1/309},
   adsurl = {http://adsabs.harvard.edu/abs/2009ApJ...700..309B},
  adsnote = {Provided by the SAO/NASA Astrophysics Data System}
}

@ARTICLE{Bressert12,
   author = {{Bressert}, E. and {Bastian}, N. and {Evans}, C.~J. and {Sana}, H. and
	{H{\'e}nault-Brunet}, V. and {Goodwin}, S.~P. and {Parker}, R.~J. and
	{Gieles}, M. and {Bestenlehner}, J.~M. and {Vink}, J.~S. and
	{Taylor}, W.~D. and {Crowther}, P.~A. and {Longmore}, S.~N. and
	{Gr{\"a}fener}, G. and {Ma{\'{\i}}z Apell{\'a}niz}, J. and {de Koter}, A. and
	{Cantiello}, M. and {Kruijssen}, J.~M.~D.},
    title = "{The VLT-FLAMES Tarantula Survey. IV. Candidates for isolated high-mass star formation in 30 Doradus}",
  journal = {A\&A},
archivePrefix = "arXiv",
   eprint = {1204.3628},
 primaryClass = "astro-ph.SR",
 keywords = {stars: formation, stars: massive, open clusters and associations: individual: 30 Doradus, stars: early-type},
     year = 2012,
    month = jun,
   volume = 542,
      eid = {A49},
    pages = {A49},
      doi = {10.1051/0004-6361/201117247},
   adsurl = {http://adsabs.harvard.edu/abs/2012A%26A...542A..49B},
  adsnote = {Provided by the SAO/NASA Astrophysics Data System}
}

@ARTICLE{Brott11,
   author = {{Brott}, I. and {de Mink}, S.~E. and {Cantiello}, M. and {Langer}, N. and
	{de Koter}, A. and {Evans}, C.~J. and {Hunter}, I. and {Trundle}, C. and
	{Vink}, J.~S.},
    title = "{Rotating massive main-sequence stars. I. Grids of evolutionary models and isochrones}",
  journal = {A\&A},
archivePrefix = "arXiv",
   eprint = {1102.0530},
 primaryClass = "astro-ph.SR",
 keywords = {stars: abundances, stars: evolution, stars: early-type, stars: rotation, stars: massive},
     year = 2011,
    month = jun,
   volume = 530,
      eid = {A115},
    pages = {A115},
      doi = {10.1051/0004-6361/201016113},
   adsurl = {http://adsabs.harvard.edu/abs/2011A%26A...530A.115B},
  adsnote = {Provided by the SAO/NASA Astrophysics Data System}
}

@ARTICLE{Burrows13,
   author = {{Burrows}, A.},
    title = "{Colloquium: Perspectives on core-collapse supernova theory}",
  journal = {Reviews of Modern Physics},
archivePrefix = "arXiv",
   eprint = {1210.4921},
 primaryClass = "astro-ph.SR",
 keywords = {Supernovae, Nucleosynthesis in novae, supernovae, and other explosive environments, Neutrino scattering, Nuclear physics aspects of novae, supernovae, and other explosive environments},
     year = 2013,
    month = jan,
   volume = 85,
    pages = {245-261},
      doi = {10.1103/RevModPhys.85.245},
   adsurl = {http://adsabs.harvard.edu/abs/2013RvMP...85..245B},
  adsnote = {Provided by the SAO/NASA Astrophysics Data System}
}

@ARTICLE{2006ApJ...652.1170C,
   author = {{Cannon}, J.~M. and {Walter}, F. and {Armus}, L. and {Bendo}, G.~J. and
  {Calzetti}, D. and {Draine}, B.~T. and {Engelbracht}, C.~W. and
  {Helou}, G. and {Kennicutt}, Jr., R.~C. and {Leitherer}, C. and
  {Roussel}, H. and {Bot}, C. and {Buckalew}, B.~A. and {Dale}, D.~A. and
  {de Blok}, W.~J.~G. and {Gordon}, K.~D. and {Hollenbach}, D.~J. and
  {Jarrett}, T.~H. and {Meyer}, M.~J. and {Murphy}, E.~J. and
  {Sheth}, K. and {Thornley}, M.~D.},
    title = "{The Nature of Infrared Emission in the Local Group Dwarf Galaxy NGC 6822 as Revealed by Spitzer}",
  journal = {\apj},
   eprint = {astro-ph/0608249},
 keywords = {Galaxies: Dwarf, Galaxies: Individual: NGC Number: NGC 6822, Galaxies: Irregular, Galaxies: ISM, Infrared: Galaxies},
     year = 2006,
    month = dec,
   volume = 652,
    pages = {1170-1187},
      doi = {10.1086/508341},
   adsurl = {http://adsabs.harvard.edu/abs/2006ApJ...652.1170C},
  adsnote = {Provided by the SAO/NASA Astrophysics Data System}
}

@ARTICLE{2012ApJ...747..122C,
   author = {{Cannon}, J.~M. and {O'Leary}, E.~M. and {Weisz}, D.~R. and
  {Skillman}, E.~D. and {Dolphin}, A.~E. and {Bigiel}, F. and
  {Cole}, A.~A. and {de Blok}, W.~J.~G. and {Walter}, F.},
    title = "{On the Origin of the Supergiant H I Shell and Putative Companion in NGC 6822}",
  journal = {\apj},
archivePrefix = "arXiv",
   eprint = {1201.3149},
 primaryClass = "astro-ph.CO",
 keywords = {galaxies: dwarf, galaxies: evolution, galaxies: individual: NGC 6822, galaxies: irregular},
     year = 2012,
    month = mar,
   volume = 747,
      eid = {122},
    pages = {122},
      doi = {10.1088/0004-637X/747/2/122},
   adsurl = {http://adsabs.harvard.edu/abs/2012ApJ...747..122C},
  adsnote = {Provided by the SAO/NASA Astrophysics Data System}
}

@ARTICLE{2001MNRAS.323..887C,
   author = {{Charlot}, S. and {Longhetti}, M.},
    title = "{Nebular emission from star-forming galaxies}",
  journal = {MNRAS},
   eprint = {arXiv:astro-ph/0101097},
 keywords = {GALAXIES: GENERAL, GALAXIES: ISM, GALAXIES: STELLAR CONTENT},
     year = 2001,
    month = may,
   volume = 323,
    pages = {887-903},
      doi = {10.1046/j.1365-8711.2001.04260.x},
   adsurl = {http://adsabs.harvard.edu/abs/2001MNRAS.323..887C},
  adsnote = {Provided by the SAO/NASA Astrophysics Data System}
}

@ARTICLE{2014A&A...562A..32C,
   author = {{Cioni}, M.-R.~L. and {Girardi}, L. and {Moretti}, M.~I. and
  {Piffl}, T. and {Ripepi}, V. and {Rubele}, S. and {Scholz}, R.-D. and
  {Bekki}, K. and {Clementini}, G. and {Ivanov}, V.~D. and {Oliveira}, J.~M. and
  {van Loon}, J.~T.},
    title = "{The VMC survey. IX. Pilot study of the proper motion of stellar populations in the LMC from 2MASS and VISTA data}",
  journal = {\aap},
archivePrefix = "arXiv",
   eprint = {1306.4336},
 primaryClass = "astro-ph.GA",
 keywords = {surveys, Magellanic Clouds, infrared: stars, proper motions},
     year = 2014,
    month = feb,
   volume = 562,
      eid = {A32},
    pages = {A32},
      doi = {10.1051/0004-6361/201322100},
   adsurl = {http://adsabs.harvard.edu/abs/2014A%26A...562A..32C},
  adsnote = {Provided by the SAO/NASA Astrophysics Data System}
}

@ARTICLE{2006A&A...452..195C,
   author = {{Cioni}, M.-R.~L. and {Girardi}, L. and {Marigo}, P. and {Habing}, H.~J.
  },
    title = "{AGB stars in the Magellanic Clouds. III. The rate of star formation across the Small Magellanic Cloud}",
  journal = {\aap},
   eprint = {astro-ph/0602483},
 keywords = {stars: late-type, stars: luminosity function, mass function, Galaxy: abundances, galaxies: Magellanic Clouds},
     year = 2006,
    month = jun,
   volume = 452,
    pages = {195-201},
      doi = {10.1051/0004-6361:20054699},
   adsurl = {http://adsabs.harvard.edu/abs/2006A%26A...452..195C},
  adsnote = {Provided by the SAO/NASA Astrophysics Data System}
}


@ARTICLE{2005A&A...429..837C,
   author = {{Cioni}, M.-R.~L. and {Habing}, H.~J.},
    title = "{Near-IR observations of NGC 6822: AGB stars, distance, metallicity and structure}",
  journal = {\aap},
   eprint = {astro-ph/0409294},
 keywords = {stars: late-type, stars: distances, galaxies: Local Group, galaxies: abundances, galaxies: photometry, infrared: stars},
     year = 2005,
    month = jan,
   volume = 429,
    pages = {837-850},
      doi = {10.1051/0004-6361:20041608},
   adsurl = {http://adsabs.harvard.edu/abs/2005A%26A...429..837C},
  adsnote = {Provided by the SAO/NASA Astrophysics Data System}
}

@ARTICLE{2005A&A...434..949C,
   author = {{Clark}, J.~S. and {Negueruela}, I. and {Crowther}, P.~A. and
  {Goodwin}, S.~P.},
    title = "{On the massive stellar population of the super star cluster <ASTROBJ>Westerlund 1</ASTROBJ>}",
  journal = {\aap},
   eprint = {astro-ph/0504342},
 keywords = {stars: evolution, open clusters and associations: individual: Westerlund 1, galaxies: starburst},
     year = 2005,
    month = may,
   volume = 434,
    pages = {949-969},
      doi = {10.1051/0004-6361:20042413},
   adsurl = {http://adsabs.harvard.edu/abs/2005A%26A...434..949C},
  adsnote = {Provided by the SAO/NASA Astrophysics Data System}
}

@ARTICLE{2003ApJ...588L..85C,
   author = {{Clementini}, G. and {Held}, E.~V. and {Baldacci}, L. and {Rizzi}, L.
  },
    title = "{RR Lyrae and Short-Period Variable Stars in the Dwarf Irregular Galaxy NGC 6822}",
  journal = {\apjl},
   eprint = {astro-ph/0304076},
 keywords = {Galaxies: Dwarf, Galaxies: Individual: NGC Number: NGC 6822, Galaxies: Irregular, Galaxies: Local Group, Stars: Variables: Other},
     year = 2003,
    month = may,
   volume = 588,
    pages = {L85-L88},
      doi = {10.1086/375633},
   adsurl = {http://adsabs.harvard.edu/abs/2003ApJ...588L..85C},
  adsnote = {Provided by the SAO/NASA Astrophysics Data System}
}

@ARTICLE{Crowther07,
   author = {{Crowther}, P.~A.},
    title = "{Physical Properties of Wolf-Rayet Stars}",
  journal = {ARA\&A},
   eprint = {arXiv:astro-ph/0610356},
     year = 2007,
    month = sep,
   volume = 45,
    pages = {177-219},
      doi = {10.1146/annurev.astro.45.051806.110615},
   adsurl = {http://adsabs.harvard.edu/abs/2007ARA%26A..45..177C},
  adsnote = {Provided by the SAO/NASA Astrophysics Data System}
}


@ARTICLE{2010MNRAS.408..731C,
   author = {{Crowther}, P.~A. and {Schnurr}, O. and {Hirschi}, R. and {Yusof}, N. and
  {Parker}, R.~J. and {Goodwin}, S.~P. and {Kassim}, H.~A.},
    title = "{The R136 star cluster hosts several stars whose individual masses greatly exceed the accepted 150M$_{solar}$ stellar mass limit}",
  journal = {\mnras},
archivePrefix = "arXiv",
   eprint = {1007.3284},
 primaryClass = "astro-ph.SR",
 keywords = {binaries: general, stars: early-type, stars: fundamental parameters, stars: Wolf-Rayet, galaxies: star clusters: individual: R136, galaxies: star clusters: individual: NGC 3603},
     year = 2010,
    month = oct,
   volume = 408,
    pages = {731-751},
      doi = {10.1111/j.1365-2966.2010.17167.x},
   adsurl = {http://adsabs.harvard.edu/abs/2010MNRAS.408..731C},
  adsnote = {Provided by the SAO/NASA Astrophysics Data System}
}


@ARTICLE{Crowther12,
   author = {{Crowther}, P.},
    title = "{Birth, life and death of massive stars}",
  journal = {Astronomy and Geophysics},
     year = 2012,
    month = aug,
   volume = 53,
   number = 4,
    pages = {040000-4},
      doi = {10.1111/j.1468-4004.2012.53430.x},
   adsurl = {http://adsabs.harvard.edu/abs/2012A%26G....53d..30C},
  adsnote = {Provided by the SAO/NASA Astrophysics Data System}
}


@ARTICLE{Cunha07,
   author = {{Cunha}, K. and {Sellgren}, K. and {Smith}, V.~V. and {Ramirez}, S.~V. and
	{Blum}, R.~D. and {Terndrup}, D.~M.},
    title = "{Chemical Abundances of Luminous Cool Stars in the Galactic Center from High-Resolution Infrared Spectroscopy}",
  journal = {ApJ},
archivePrefix = "arXiv",
   eprint = {0707.2610},
 keywords = {Galaxy: Center, Nuclear Reactions, Nucleosynthesis, Abundances, Stars: Abundances},
     year = 2007,
    month = nov,
   volume = 669,
    pages = {1011-1023},
      doi = {10.1086/521813},
   adsurl = {http://adsabs.harvard.edu/abs/2007ApJ...669.1011C},
  adsnote = {Provided by the SAO/NASA Astrophysics Data System}
}

@ARTICLE{Danchi94,
   author = {{Danchi}, W.~C. and {Bester}, M. and {Degiacomi}, C.~G. and
	{Greenhill}, L.~J. and {Townes}, C.~H.},
    title = "{Characteristics of dust shells around 13 late-type stars}",
  journal = {AJ},
 keywords = {COSMIC DUST, FOURIER TRANSFORMATION, INFRARED SPECTRA, MASERS, RADIATIVE TRANSFER, SPATIAL DISTRIBUTION, STELLAR MODELS, DENSITY, INFRARED ASTRONOMY SATELLITE, INFRARED INTERFEROMETERS, RADIATION PRESSURE, RADIO INTERFEROMETERS, SPATIAL RESOLUTION, STELLAR LUMINOSITY, VERY LONG BASE INTERFEROMETRY},
     year = 1994,
    month = apr,
   volume = 107,
    pages = {1469-1513},
      doi = {10.1086/116960},
   adsurl = {http://adsabs.harvard.edu/abs/1994AJ....107.1469D},
  adsnote = {Provided by the SAO/NASA Astrophysics Data System}
}

@ARTICLE{2007ApJ...671..781D,
   author = {{Davies}, B. and {Figer}, D.~F. and {Kudritzki}, R.-P. and {MacKenty}, J. and
  {Najarro}, F. and {Herrero}, A.},
    title = "{A Massive Cluster of Red Supergiants at the Base of the Scutum-Crux Arm}",
  journal = {\apj},
archivePrefix = "arXiv",
   eprint = {0708.0821},
 keywords = {Galaxy: Open Clusters and Associations: General, Stars: Evolution, Stars: Late-Type, Stars: Supergiants},
     year = 2007,
    month = dec,
   volume = 671,
    pages = {781-801},
      doi = {10.1086/522224},
   adsurl = {http://adsabs.harvard.edu/abs/2007ApJ...671..781D},
  adsnote = {Provided by the SAO/NASA Astrophysics Data System}
}


@ARTICLE{Davies09a,
   author = {{Davies}, B. and {Origlia}, L. and {Kudritzki}, R.-P. and {Figer}, D.~F. and
	{Rich}, R.~M. and {Najarro}, F.},
    title = "{The Chemical Abundances in the Galactic Center from the Atmospheres of Red Supergiants}",
  journal = {ApJ},
archivePrefix = "arXiv",
   eprint = {0811.3179},
 keywords = {Galaxy: center, Galaxy: evolution, stars: evolution, stars: late-type, supergiants},
     year = 2009,
    month = mar,
   volume = 694,
    pages = {46-55},
      doi = {10.1088/0004-637X/694/1/46},
   adsurl = {http://adsabs.harvard.edu/abs/2009ApJ...694...46D},
  adsnote = {Provided by the SAO/NASA Astrophysics Data System}
}

@ARTICLE{Davies09b,
   author = {{Davies}, B. and {Origlia}, L. and {Kudritzki}, R.-P. and {Figer}, D.~F. and
	{Rich}, R.~M. and {Najarro}, F. and {Negueruela}, I. and {Clark}, J.~S.
	},
    title = "{Chemical Abundance Patterns in the Inner Galaxy: The Scutum Red Supergiant Clusters}",
  journal = {ApJ},
archivePrefix = "arXiv",
   eprint = {0902.2378},
 primaryClass = "astro-ph.GA",
 keywords = {Galaxy: abundances, Galaxy: disk, Galaxy: evolution, stars: evolution, stars: late-type, supergiants},
     year = 2009,
    month = may,
   volume = 696,
    pages = {2014-2025},
      doi = {10.1088/0004-637X/696/2/2014},
   adsurl = {http://adsabs.harvard.edu/abs/2009ApJ...696.2014D},
  adsnote = {Provided by the SAO/NASA Astrophysics Data System}
}

@ARTICLE{2015ApJ...806...21D,
   author = {{Davies}, B. and {Kudritzki}, R.-P. and {Gazak}, Z. and {Plez}, B. and
  {Bergemann}, M. and {Evans}, C. and {Patrick}, L.},
    title = "{Red Supergiants as Cosmic Abundance Probes: The Magellanic Clouds}",
  journal = {\apj},
archivePrefix = "arXiv",
   eprint = {1504.03694},
 keywords = {Magellanic Clouds, stars: abundances, stars: atmospheres, stars: late-type, stars: massive, supergiants},
     year = 2015,
    month = jun,
   volume = 806,
      eid = {21},
    pages = {21},
      doi = {10.1088/0004-637X/806/1/21},
   adsurl = {http://adsabs.harvard.edu/abs/2015ApJ...806...21D},
  adsnote = {Provided by the SAO/NASA Astrophysics Data System}
}


@ARTICLE{2013ApJ...767....3D,
   author = {{Davies}, B. and {Kudritzki}, R.-P. and {Plez}, B. and {Trager}, S. and
  {Lan{\c c}on}, A. and {Gazak}, Z. and {Bergemann}, M. and {Evans}, C. and
  {Chiavassa}, A.},
    title = "{The Temperatures of Red Supergiants}",
  journal = {ApJ},
archivePrefix = "arXiv",
   eprint = {1302.2674},
 primaryClass = "astro-ph.SR",
 keywords = {stars: atmospheres, stars: evolution, stars: fundamental parameters, stars: late-type, stars: massive, supergiants},
     year = 2013,
    month = apr,
   volume = 767,
      eid = {3},
    pages = {3},
      doi = {10.1088/0004-637X/767/1/3},
   adsurl = {http://adsabs.harvard.edu/abs/2013ApJ...767....3D},
  adsnote = {Provided by the SAO/NASA Astrophysics Data System}
}

@INPROCEEDINGS{Davies13b,
   author = {{Davies}, B. and {Kudritzki}, R.-P. and {Plez}, B. and {Bergemann}, M. and
  {Gazak}, Z. and {Evans}, C.},
    title = "{Red Supergiants as Cosmic Abundance Probes}",
booktitle = {EAS Publications Series},
     year = 2013,
   series = {EAS Publications Series},
   volume = 60,
    month = may,
    pages = {287-292},
      doi = {10.1051/eas/1360033},
   adsurl = {http://adsabs.harvard.edu/abs/2013EAS....60..287D},
  adsnote = {Provided by the SAO/NASA Astrophysics Data System}
}



@ARTICLE{2010MNRAS.407.1203D,
   author = {{Davies}, B. and {Kudritzki}, R.-P. and {Figer}, D.~F.},
    title = "{The potential of red supergiants as extragalactic abundance probes at low spectral resolution}",
  journal = {MNRAS},
archivePrefix = "arXiv",
   eprint = {1005.1008},
 primaryClass = "astro-ph.CO",
 keywords = {stars: abundances, stars: late-type, stars: massive, supergiants, galaxies: abundances, galaxies: stellar content},
     year = 2010,
    month = sep,
   volume = 407,
    pages = {1203-1211},
      doi = {10.1111/j.1365-2966.2010.16965.x},
   adsurl = {http://adsabs.harvard.edu/abs/2010MNRAS.407.1203D},
  adsnote = {Provided by the SAO/NASA Astrophysics Data System}
}

@ARTICLE{2007MNRAS.375.1099D,
   author = {{Davies}, R.~I.},
    title = "{A method to remove residual OH emission from near-infrared spectra}",
  journal = {\mnras},
   eprint = {astro-ph/0612257},
 keywords = {atmospheric effects, methods: data analysis, methods: observational, techniques: spectroscopic, infrared: general},
     year = 2007,
    month = mar,
   volume = 375,
    pages = {1099-1105},
      doi = {10.1111/j.1365-2966.2006.11383.x},
   adsurl = {http://adsabs.harvard.edu/abs/2007MNRAS.375.1099D},
  adsnote = {Provided by the SAO/NASA Astrophysics Data System}
}

@ARTICLE{2013A&A...558A..56D,
   author = {{Davies}, R.~I. and {Agudo Berbel}, A. and {Wiezorrek}, E. and
  {Cirasuolo}, M. and {F{\"o}rster Schreiber}, N.~M. and {Jung}, Y. and
  {Muschielok}, B. and {Ott}, T. and {Ramsay}, S. and {Schlichter}, J. and
  {Sharples}, R. and {Wegner}, M.},
    title = "{The Software Package for Astronomical Reductions with KMOS: SPARK}",
  journal = {\aap},
archivePrefix = "arXiv",
   eprint = {1308.6679},
 primaryClass = "astro-ph.IM",
 keywords = {methods: data analysis, techniques: imaging spectroscopy, instrumentation: spectrographs, infrared: general},
     year = 2013,
    month = oct,
   volume = 558,
      eid = {A56},
    pages = {A56},
      doi = {10.1051/0004-6361/201322282},
   adsurl = {http://adsabs.harvard.edu/abs/2013A%26A...558A..56D},
  adsnote = {Provided by the SAO/NASA Astrophysics Data System}
}


@ARTICLE{2006AJ....131..343D,
   author = {{de Blok}, W.~J.~G. and {Walter}, F.},
    title = "{The Stellar Population and Interstellar Medium in NGC 6822}",
  journal = {\aj},
   eprint = {astro-ph/0508018},
 keywords = {Cosmology: Dark Matter, Galaxies: Dwarf, Galaxies: Fundamental Parameters, Galaxies: Individual: NGC Number: NGC 6822, Galaxies: Kinematics and Dynamics, Galaxies: Local Group},
     year = 2006,
    month = jan,
   volume = 131,
    pages = {343-362},
      doi = {10.1086/497829},
   adsurl = {http://adsabs.harvard.edu/abs/2006AJ....131..343D},
  adsnote = {Provided by the SAO/NASA Astrophysics Data System}
}

@ARTICLE{2003MNRAS.341L..39D,
   author = {{de Blok}, W.~J.~G. and {Walter}, F.},
    title = "{Young stars in the outer HI disc of NGC 6822}",
  journal = {\mnras},
   eprint = {astro-ph/0301494},
 keywords = {galaxies: dwarf, galaxies: evolution, galaxies: individual: NGC 6822, galaxies: stellar content},
     year = 2003,
    month = jun,
   volume = 341,
    pages = {L39-L43},
      doi = {10.1046/j.1365-8711.2003.06669.x},
   adsurl = {http://adsabs.harvard.edu/abs/2003MNRAS.341L..39D},
  adsnote = {Provided by the SAO/NASA Astrophysics Data System}
}


@ARTICLE{2000ApJ...537L..95D,
   author = {{de Blok}, W.~J.~G. and {Walter}, F.},
    title = "{Evidence for Tidal Interaction and a Supergiant H I Shell in the Local Group Dwarf Galaxy NGC 6822}",
  journal = {\apjl},
   eprint = {astro-ph/0005473},
 keywords = {Galaxies: Dwarf, Galaxies: Fundamental Parameters, Galaxies: Individual: NGC Number: NGC 6822, Galaxies: Irregular, Galaxies: Kinematics and Dynamics},
     year = 2000,
    month = jul,
   volume = 537,
    pages = {L95-L98},
      doi = {10.1086/312777},
   adsurl = {http://adsabs.harvard.edu/abs/2000ApJ...537L..95D},
  adsnote = {Provided by the SAO/NASA Astrophysics Data System}
}

@ARTICLE{2006ApJ...636L..85D,
   author = {{Demers}, S. and {Battinelli}, P. and {Kunkel}, W.~E.},
    title = "{A Local Group Polar Ring Galaxy: NGC 6822}",
  journal = {\apjl},
   eprint = {astro-ph/0510778},
 keywords = {Galaxies: Individual: NGC Number: NGC 6822, Galaxies: Kinematics and Dynamics, Galaxies: Structure},
     year = 2006,
    month = jan,
   volume = 636,
    pages = {L85-L88},
      doi = {10.1086/500207},
   adsurl = {http://adsabs.harvard.edu/abs/2006ApJ...636L..85D},
  adsnote = {Provided by the SAO/NASA Astrophysics Data System}
}

@ARTICLE{2010MNRAS.401.1453D,
   author = {{Doherty}, C.~L. and {Siess}, L. and {Lattanzio}, J.~C. and
  {Gil-Pons}, P.},
    title = "{Super asymptotic giant branch stars. I - Evolution code comparison}",
  journal = {\mnras},
 keywords = {nuclear reactions, nucleosynthesis, abundances, methods: numerical, stars: AGB and post-AGB, stars: evolution},
     year = 2010,
    month = jan,
   volume = 401,
    pages = {1453-1464},
      doi = {10.1111/j.1365-2966.2009.15772.x},
   adsurl = {http://adsabs.harvard.edu/abs/2010MNRAS.401.1453D},
  adsnote = {Provided by the SAO/NASA Astrophysics Data System}
}


@ARTICLE{Drout12,
   author = {{Drout}, M.~R. and {Massey}, P. and {Meynet}, G.},
    title = "{The Yellow and Red Supergiants of M33}",
  journal = {ApJ},
archivePrefix = "arXiv",
   eprint = {1203.0247},
 primaryClass = "astro-ph.SR",
 keywords = {galaxies: individual: M33, galaxies: stellar content, stars: evolution, supergiants},
     year = 2012,
    month = may,
   volume = 750,
      eid = {97},
    pages = {97},
      doi = {10.1088/0004-637X/750/2/97},
   adsurl = {http://adsabs.harvard.edu/abs/2012ApJ...750...97D},
  adsnote = {Provided by the SAO/NASA Astrophysics Data System}
}


@ARTICLE{2011ApJ...730...88E,
   author = {{Efremova}, B.~V. and {Bianchi}, L. and {Thilker}, D.~A. and
  {Neill}, J.~D. and {Burgarella}, D. and {Wyder}, T.~K. and {Madore}, B.~F. and
  {Rey}, S.-C. and {Barlow}, T.~A. and {Conrow}, T. and {Forster}, K. and
  {Friedman}, P.~G. and {Martin}, D.~C. and {Morrissey}, P. and
  {Neff}, S.~G. and {Schiminovich}, D. and {Seibert}, M. and {Small}, T.
  },
    title = "{The Recent Star Formation in NGC 6822: An Ultraviolet Study}",
  journal = {\apj},
archivePrefix = "arXiv",
   eprint = {1101.6051},
 primaryClass = "astro-ph.GA",
 keywords = {galaxies: individual: NGC 6822, galaxies: stellar content, Local Group, stars: formation, ultraviolet: stars},
     year = 2011,
    month = apr,
   volume = 730,
      eid = {88},
    pages = {88},
      doi = {10.1088/0004-637X/730/2/88},
   adsurl = {http://adsabs.harvard.edu/abs/2011ApJ...730...88E},
  adsnote = {Provided by the SAO/NASA Astrophysics Data System}
}

@ARTICLE{2012A&A...537A.146E,
   author = {{Ekstr{\"o}m}, S. and {Georgy}, C. and {Eggenberger}, P. and
	{Meynet}, G. and {Mowlavi}, N. and {Wyttenbach}, A. and {Granada}, A. and
	{Decressin}, T. and {Hirschi}, R. and {Frischknecht}, U. and
	{Charbonnel}, C. and {Maeder}, A.},
    title = "{Grids of stellar models with rotation. I. Models from 0.8 to 120 M$_{⊙}$ at solar metallicity (Z = 0.014)}",
  journal = {A\&A},
archivePrefix = "arXiv",
   eprint = {1110.5049},
 primaryClass = "astro-ph.SR",
 keywords = {stars: general, stars: evolution, stars: massive, stars: low-mass, stars: rotation},
     year = 2012,
    month = jan,
   volume = 537,
      eid = {A146},
    pages = {A146},
      doi = {10.1051/0004-6361/201117751},
   adsurl = {http://adsabs.harvard.edu/abs/2012A%26A...537A.146E},
  adsnote = {Provided by the SAO/NASA Astrophysics Data System}
}
@ARTICLE{Eldridge13,
   author = {{Eldridge}, J.~J. and {Fraser}, M. and {Smartt}, S.~J. and {Maund}, J.~R. and
	{Crockett}, R.~M.},
    title = "{The death of massive stars - II. Observational constraints on the progenitors of type Ibc supernovae}",
  journal = {ArXiv e-prints},
archivePrefix = "arXiv",
   eprint = {1301.1975},
 primaryClass = "astro-ph.SR",
 keywords = {Astrophysics - Solar and Stellar Astrophysics, Astrophysics - Cosmology and Extragalactic Astrophysics},
     year = 2013,
    month = jan,
   adsurl = {http://adsabs.harvard.edu/abs/2013arXiv1301.1975E},
  adsnote = {Provided by the SAO/NASA Astrophysics Data System}
}
@ARTICLE{Elias85,
   author = {{Elias}, J.~H. and {Frogel}, J.~A. and {Humphreys}, R.~M.},
    title = "{M supergiants in the Milky Way and the Magellanic Clouds Colors, spectral types, and luminosities}",
  journal = {ApJS},
 keywords = {LATE STARS, M STARS, MAGELLANIC CLOUDS, MILKY WAY GALAXY, STELLAR SPECTRA, SUPERGIANT STARS, INFRARED ASTRONOMY, INTERSTELLAR EXTINCTION, STELLAR COLOR, STELLAR LUMINOSITY, STELLAR MASS EJECTION, VISUAL OBSERVATION},
     year = 1985,
    month = jan,
   volume = 57,
    pages = {91-131},
      doi = {10.1086/190997},
   adsurl = {http://adsabs.harvard.edu/abs/1985ApJS...57...91E},
  adsnote = {Provided by the SAO/NASA Astrophysics Data System}
}

@ARTICLE{1991ApJS...76..185E,
   author = {{Elson}, R.~A.~W.},
    title = "{The structure and evolution of rich star clusters in the Large Magellanic Cloud}",
  journal = {\apjs},
 keywords = {Galactic Evolution, Magellanic Clouds, Star Clusters, Astronomical Photometry, Color-Magnitude Diagram, Cosmology, Star Distribution, Star Formation, Stellar Mass},
     year = 1991,
    month = may,
   volume = 76,
    pages = {185-214},
      doi = {10.1086/191568},
   adsurl = {http://adsabs.harvard.edu/abs/1991ApJS...76..185E},
  adsnote = {Provided by the SAO/NASA Astrophysics Data System}
}

@ARTICLE{2011A&A...530A.108E,
   author = {{Evans}, C.~J. and {Taylor}, W.~D. and {H{\'e}nault-Brunet}, V. and
  {Sana}, H. and {de Koter}, A. and {Sim{\'o}n-D{\'{\i}}az}, S. and
  {Carraro}, G. and {Bagnoli}, T. and {Bastian}, N. and {Bestenlehner}, J.~M. and
  {Bonanos}, A.~Z. and {Bressert}, E. and {Brott}, I. and {Campbell}, M.~A. and
  {Cantiello}, M. and {Clark}, J.~S. and {Costa}, E. and {Crowther}, P.~A. and
  {de Mink}, S.~E. and {Doran}, E. and {Dufton}, P.~L. and {Dunstall}, P.~R. and
  {Friedrich}, K. and {Garcia}, M. and {Gieles}, M. and {Gr{\"a}fener}, G. and
  {Herrero}, A. and {Howarth}, I.~D. and {Izzard}, R.~G. and {Langer}, N. and
  {Lennon}, D.~J. and {Ma{\'{\i}}z Apell{\'a}niz}, J. and {Markova}, N. and
  {Najarro}, F. and {Puls}, J. and {Ramirez}, O.~H. and {Sab{\'{\i}}n-Sanjuli{\'a}n}, C. and
  {Smartt}, S.~J. and {Stroud}, V.~E. and {van Loon}, J.~T. and
  {Vink}, J.~S. and {Walborn}, N.~R.},
    title = "{The VLT-FLAMES Tarantula Survey. I. Introduction and observational overview}",
  journal = {\aap},
archivePrefix = "arXiv",
   eprint = {1103.5386},
 primaryClass = "astro-ph.SR",
 keywords = {open clusters and associations: individual: 30 Doradus, stars: early-type, stars: fundamental parameters, binaries: spectroscopic, stars: Wolf-Rayet},
     year = 2011,
    month = jun,
   volume = 530,
      eid = {A108},
    pages = {A108},
      doi = {10.1051/0004-6361/201116782},
   adsurl = {http://adsabs.harvard.edu/abs/2011A%26A...530A.108E},
  adsnote = {Provided by the SAO/NASA Astrophysics Data System}
}

@ARTICLE{2011A&A...527A..50E,
   author = {{Evans}, C.~J. and {Davies}, B. and {Kudritzki}, R.-P. and {Puech}, M. and
	{Yang}, Y. and {Cuby}, J.-G. and {Figer}, D.~F. and {Lehnert}, M.~D. and
	{Morris}, S.~L. and {Rousset}, G.},
    title = "{Stellar metallicities beyond the Local Group: the potential of J-band spectroscopy with extremely large telescopes}",
  journal = {A\&A},
archivePrefix = "arXiv",
   eprint = {1012.2383},
 primaryClass = "astro-ph.IM",
 keywords = {instrumentation: adaptive optics, instrumentation: spectrographs, techniques: spectroscopic, Galaxy: stellar content, stars: fundamental parameters},
     year = 2011,
    month = mar,
   volume = 527,
      eid = {A50},
    pages = {A50},
      doi = {10.1051/0004-6361/201015986},
   adsurl = {http://adsabs.harvard.edu/abs/2011A%26A...527A..50E},
  adsnote = {Provided by the SAO/NASA Astrophysics Data System}
}

@ARTICLE{2006A&A...456..623E,
   author = {{Evans}, C.~J. and {Lennon}, D.~J. and {Smartt}, S.~J. and {Trundle}, C.
  },
    title = "{The VLT-FLAMES survey of massive stars: observations centered on the Magellanic Cloud clusters NGC 330, NGC 346, NGC 2004, and the N11 region}",
  journal = {\aap},
   eprint = {astro-ph/0606405},
 keywords = {stars: early-type, stars: fundamental parameters, stars: emission-line, Be, binaries: spectroscopic, galaxies: Magellanic Clouds},
     year = 2006,
    month = sep,
   volume = 456,
    pages = {623-638},
      doi = {10.1051/0004-6361:20064988},
   adsurl = {http://adsabs.harvard.edu/abs/2006A%26A...456..623E},
  adsnote = {Provided by the SAO/NASA Astrophysics Data System}
}

@ARTICLE{2012MNRAS.421.2998F,
   author = {{Feast}, M.~W. and {Whitelock}, P.~A. and {Menzies}, J.~W. and
  {Matsunaga}, N.},
    title = "{The Cepheid distance to the Local Group galaxy NGC 6822}",
  journal = {\mnras},
archivePrefix = "arXiv",
   eprint = {1201.1987},
 primaryClass = "astro-ph.GA",
 keywords = {stars: variables: Cepheids, galaxies: distances and redshifts, galaxies: individual: NGC 6822, Local Group},
     year = 2012,
    month = apr,
   volume = 421,
    pages = {2998-3003},
      doi = {10.1111/j.1365-2966.2012.20525.x},
   adsurl = {http://adsabs.harvard.edu/abs/2012MNRAS.421.2998F},
  adsnote = {Provided by the SAO/NASA Astrophysics Data System}
}

@ARTICLE{2006ApJ...643.1166F,
   author = {{Figer}, D.~F. and {MacKenty}, J.~W. and {Robberto}, M. and
  {Smith}, K. and {Najarro}, F. and {Kudritzki}, R.~P. and {Herrero}, A.
  },
    title = "{Discovery of an Extraordinarily Massive Cluster of Red Supergiants}",
  journal = {\apj},
   eprint = {astro-ph/0602146},
 keywords = {Infrared: Stars, Stars: Evolution, Stars: Supergiants},
     year = 2006,
    month = jun,
   volume = 643,
    pages = {1166-1179},
      doi = {10.1086/503275},
   adsurl = {http://adsabs.harvard.edu/abs/2006ApJ...643.1166F},
  adsnote = {Provided by the SAO/NASA Astrophysics Data System}
}

@ARTICLE{2002AN....323..213F,
   author = {{Freytag}, B. and {Steffen}, M. and {Dorch}, B.},
    title = "{Spots on the surface of Betelgeuse --  Results from new 3D stellar convection models}",
  journal = {Astronomische Nachrichten},
 keywords = {methods: numerical, stars: individual (Betelgeuse), stars: spots, supergiants},
     year = 2002,
    month = jul,
   volume = 323,
    pages = {213-219},
      doi = {10.1002/1521-3994(200208)323:3/4<213::AID-ASNA213>3.0.CO;2-H},
   adsurl = {http://adsabs.harvard.edu/abs/2002AN....323..213F},
  adsnote = {Provided by the SAO/NASA Astrophysics Data System}
}

@ARTICLE{Fujii13,
   author = {{Fujii}, M.~S. and {Portegies Zwart}, S.},
    title = "{The growth of massive stars via stellar collisions in ensemble star clusters}",
  journal = {MNRAS},
archivePrefix = "arXiv",
   eprint = {1210.3732},
 primaryClass = "astro-ph.GA",
 keywords = {open clusters and associations: individual: NGC 3603, open clusters and associations: individual: Westerlund 1, open clusters and associations: individual: Westerlund 2, galaxies: star clusters: general, galaxies: star clusters: individual: R136},
     year = 2013,
    month = apr,
   volume = 430,
    pages = {1018-1029},
      doi = {10.1093/mnras/sts673},
   adsurl = {http://adsabs.harvard.edu/abs/2013MNRAS.430.1018F},
  adsnote = {Provided by the SAO/NASA Astrophysics Data System}
}

@ARTICLE{Fukui10,
   author = {{Fukui}, Y. and {Kawamura}, A.},
    title = "{Molecular Clouds in Nearby Galaxies}",
  journal = {ARA\&A},
     year = 2010,
    month = sep,
   volume = 48,
    pages = {547-580},
      doi = {10.1146/annurev-astro-081309-130854},
   adsurl = {http://adsabs.harvard.edu/abs/2010ARA%26A..48..547F},
  adsnote = {Provided by the SAO/NASA Astrophysics Data System}
}

@ARTICLE{2015ApJ...805..182G,
   author = {{Gazak}, J.~Z. and {Kudritzki}, R. and {Evans}, C. and {Patrick}, L. and
  {Davies}, B. and {Bergemann}, M. and {Plez}, B. and {Bresolin}, F. and
  {Bender}, R. and {Wegner}, M. and {Bonanos}, A.~Z. and {Williams}, S.~J.
  },
    title = "{Red Supergiants as Cosmic Abundance Probes: The Sculptor Galaxy NGC 300}",
  journal = {\apj},
archivePrefix = "arXiv",
   eprint = {1505.00871},
 keywords = {galaxies: abundances, stars: abundances},
     year = 2015,
    month = jun,
   volume = 805,
      eid = {182},
    pages = {182},
      doi = {10.1088/0004-637X/805/2/182},
   adsurl = {http://adsabs.harvard.edu/abs/2015ApJ...805..182G},
  adsnote = {Provided by the SAO/NASA Astrophysics Data System}
}


@PHDTHESIS{2014PhDT.........G,
   author = {{Gazak}, J.~K.},
    title = "{Red Supergiants as Luminous Beacons of Cosmic Chemical Abundances: The Infrared J–Band Spectroscopic Technique}",
   school = {University of Hawaii},
     year = 2014,
    month = June,
}


@ARTICLE{2014ApJ...787..142G,
   author = {{Gazak}, J.~Z. and {Davies}, B. and {Bastian}, N. and {Kudritzki}, R. and
  {Bergemann}, M. and {Plez}, B. and {Evans}, C. and {Patrick}, L. and
  {Bresolin}, F. and {Schinnerer}, E.},
    title = "{A New Method for Measuring Metallicities of Young Super Star Clusters}",
  journal = {\apj},
archivePrefix = "arXiv",
   eprint = {1404.5354},
 keywords = {galaxies: abundances, galaxies: star clusters: general, methods: analytical, techniques: spectroscopic },
     year = 2014,
    month = jun,
   volume = 787,
      eid = {142},
    pages = {142},
      doi = {10.1088/0004-637X/787/2/142},
   adsurl = {http://adsabs.harvard.edu/abs/2014ApJ...787..142G},
  adsnote = {Provided by the SAO/NASA Astrophysics Data System}
}

@ARTICLE{2014ApJ...788...58G,
   author = {{Gazak}, J.~Z. and {Davies}, B. and {Kudritzki}, R. and {Bergemann}, M. and
  {Plez}, B.},
    title = "{Quantitative Spectroscopic J-band study of Red Supergiants in Perseus OB-1}",
  journal = {\apj},
archivePrefix = "arXiv",
   eprint = {1404.5713},
 primaryClass = "astro-ph.SR",
 keywords = {Galaxy: abundances, infrared: stars, open clusters and associations: individual: Perseus OB-1, stars: abundances, stars: massive, supergiants, techniques: spectroscopic},
     year = 2014,
    month = jun,
   volume = 788,
      eid = {58},
    pages = {58},
      doi = {10.1088/0004-637X/788/1/58},
   adsurl = {http://adsabs.harvard.edu/abs/2014ApJ...788...58G},
  adsnote = {Provided by the SAO/NASA Astrophysics Data System}
}

@ARTICLE{2013MNRAS.430L..35G,
   author = {{Gazak}, J.~Z. and {Bastian}, N. and {Kudritzki}, R.-P. and
  {Adamo}, A. and {Davies}, B. and {Plez}, B. and {Urbaneja}, M.~A.
  },
    title = "{Age dating stellar populations in the near infrared: an absolute age indicator from the presence/absence of red supergiants}",
  journal = {\mnras},
archivePrefix = "arXiv",
   eprint = {1211.6841},
 primaryClass = "astro-ph.CO",
 keywords = {supergiants, galaxies: star clusters: general},
     year = 2013,
    month = mar,
   volume = 430,
    pages = {L35-L39},
      doi = {10.1093/mnrasl/sls043},
   adsurl = {http://adsabs.harvard.edu/abs/2013MNRAS.430L..35G},
  adsnote = {Provided by the SAO/NASA Astrophysics Data System}
}

@ARTICLE{2013A&A...558A.103G,
   author = {{Georgy}, C. and {Ekstr{\"o}m}, S. and {Eggenberger}, P. and
  {Meynet}, G. and {Haemmerl{\'e}}, L. and {Maeder}, A. and {Granada}, A. and
  {Groh}, J.~H. and {Hirschi}, R. and {Mowlavi}, N. and {Yusof}, N. and
  {Charbonnel}, C. and {Decressin}, T. and {Barblan}, F.},
    title = "{Grids of stellar models with rotation. III. Models from 0.8 to 120 M$_{&sun;}$ at a metallicity Z = 0.002}",
  journal = {\aap},
archivePrefix = "arXiv",
   eprint = {1308.2914},
 primaryClass = "astro-ph.SR",
 keywords = {stars: general, stars: evolution, stars: rotation, stars: massive, stars: low-mass},
     year = 2013,
    month = oct,
   volume = 558,
      eid = {A103},
    pages = {A103},
      doi = {10.1051/0004-6361/201322178},
   adsurl = {http://adsabs.harvard.edu/abs/2013A%26A...558A.103G},
  adsnote = {Provided by the SAO/NASA Astrophysics Data System}
}


@ARTICLE{2010MNRAS.402.1750G,
   author = {{Gieles}, M. and {Sana}, H. and {Portegies Zwart}, S.~F.},
    title = "{On the velocity dispersion of young star clusters: super-virial or binaries?}",
  journal = {\mnras},
archivePrefix = "arXiv",
   eprint = {0911.1557},
 primaryClass = "astro-ph.SR",
 keywords = {binaries: general, binaries: spectroscopic, supergiants, globular clusters: general, open clusters and associations: general, galaxies: star clusters},
     year = 2010,
    month = mar,
   volume = 402,
    pages = {1750-1757},
      doi = {10.1111/j.1365-2966.2009.15993.x},
   adsurl = {http://adsabs.harvard.edu/abs/2010MNRAS.402.1750G},
  adsnote = {Provided by the SAO/NASA Astrophysics Data System}
}

@ARTICLE{2014ApJ...780...59G,
   author = {{Graczyk}, D. and {Pietrzy{\'n}ski}, G. and {Thompson}, I.~B. and
  {Gieren}, W. and {Pilecki}, B. and {Konorski}, P. and {Udalski}, A. and
  {Soszy{\'n}ski}, I. and {Villanova}, S. and {G{\'o}rski}, M. and
  {Suchomska}, K. and {Karczmarek}, P. and {Kudritzki}, R.-P. and
  {Bresolin}, F. and {Gallenne}, A.},
    title = "{The Araucaria Project. The Distance to the Small Magellanic Cloud from Late-type Eclipsing Binaries}",
  journal = {\apj},
archivePrefix = "arXiv",
   eprint = {1311.2340},
 primaryClass = "astro-ph.CO",
 keywords = {binaries: eclipsing, galaxies: individual: SMC, stars: late-type},
     year = 2014,
    month = jan,
   volume = 780,
      eid = {59},
    pages = {59},
      doi = {10.1088/0004-637X/780/1/59},
   adsurl = {http://adsabs.harvard.edu/abs/2014ApJ...780...59G},
  adsnote = {Provided by the SAO/NASA Astrophysics Data System}
}


@ARTICLE{2010A&A...512A..68G,
   author = {{Gratier}, P. and {Braine}, J. and {Rodriguez-Fernandez}, N.~J. and
  {Israel}, F.~P. and {Schuster}, K.~F. and {Brouillet}, N. and
  {Gardan}, E.},
    title = "{The molecular interstellar medium of the Local Group dwarf NGC 6822. The molecular ISM of NGC 6822}",
  journal = {\aap},
archivePrefix = "arXiv",
   eprint = {1001.5405},
 primaryClass = "astro-ph.CO",
 keywords = {galaxies: individual: NGC 6822, Local Group, galaxies: evolution, galaxies: ISM, ISM: clouds, stars: formation},
     year = 2010,
    month = mar,
   volume = 512,
      eid = {A68},
    pages = {A68},
      doi = {10.1051/0004-6361/200911722},
   adsurl = {http://adsabs.harvard.edu/abs/2010A%26A...512A..68G},
  adsnote = {Provided by the SAO/NASA Astrophysics Data System}
}

@ARTICLE{2012A&A...539A..19G,
   author = {{Gratton}, R.~G. and {Lucatello}, S. and {Carretta}, E. and
  {Bragaglia}, A. and {D'Orazi}, V. and {Al Momany}, Y. and {Sollima}, A. and
  {Salaris}, M. and {Cassisi}, S.},
    title = "{The Na-O anticorrelation in horizontal branch stars. II. NGC 1851}",
  journal = {\aap},
archivePrefix = "arXiv",
   eprint = {1201.1772},
 primaryClass = "astro-ph.SR",
 keywords = {stars: evolution, stars: abundances, stars: Population II, globular clusters: general, globular clusters: individual: NGC 1851},
     year = 2012,
    month = mar,
   volume = 539,
      eid = {A19},
    pages = {A19},
      doi = {10.1051/0004-6361/201118491},
   adsurl = {http://adsabs.harvard.edu/abs/2012A%26A...539A..19G},
  adsnote = {Provided by the SAO/NASA Astrophysics Data System}
}


@ARTICLE{Groenewegen09,
   author = {{Groenewegen}, M.~A.~T. and {Sloan}, G.~C. and {Soszy{\'n}ski}, I. and
	{Petersen}, E.~A.},
    title = "{Luminosities and mass-loss rates of SMC and LMC AGB stars and red supergiants}",
  journal = {A\&A},
archivePrefix = "arXiv",
   eprint = {0908.3087},
 primaryClass = "astro-ph.SR",
 keywords = {stars: AGB and post-AGB, stars: mass loss, Magellanic Clouds},
     year = 2009,
    month = nov,
   volume = 506,
    pages = {1277-1296},
      doi = {10.1051/0004-6361/200912678},
   adsurl = {http://adsabs.harvard.edu/abs/2009A%26A...506.1277G},
  adsnote = {Provided by the SAO/NASA Astrophysics Data System}
}

@ARTICLE{Groh13,
   author = {{Groh}, J.~H. and {Meynet}, G. and {Ekstr{\"o}m}, S.},
    title = "{Massive star evolution: luminous blue variables as unexpected supernova progenitors}",
  journal = {ApJ},
archivePrefix = "arXiv",
   eprint = {1301.1519},
 primaryClass = "astro-ph.SR",
 keywords = {stars: evolution, supernovae: general, stars: massive, stars: winds, outflows, stars: fundamental parameters, stars: rotation},
     year = 2013,
    month = feb,
   volume = 550,
      eid = {L7},
    pages = {L7},
      doi = {10.1051/0004-6361/201220741},
   adsurl = {http://adsabs.harvard.edu/abs/2013A%26A...550L...7G},
  adsnote = {Provided by the SAO/NASA Astrophysics Data System}
}

@ARTICLE{2008A&A...486..951G,
   author = {{Gustafsson}, B. and {Edvardsson}, B. and {Eriksson}, K. and
	{J{\o}rgensen}, U.~G. and {Nordlund}, {\AA}. and {Plez}, B.},
    title = "{A grid of MARCS model atmospheres for late-type stars. I. Methods and general properties}",
  journal = {A\&A},
archivePrefix = "arXiv",
   eprint = {0805.0554},
 keywords = {stars: atmospheres, Sun: abundances, stars: fundamental parameters, stars: general, stars: late-type, stars: supergiants},
     year = 2008,
    month = aug,
   volume = 486,
    pages = {951-970},
      doi = {10.1051/0004-6361:200809724},
   adsurl = {http://adsabs.harvard.edu/abs/2008A%26A...486..951G},
  adsnote = {Provided by the SAO/NASA Astrophysics Data System}
}

@ARTICLE{Harper08,
   author = {{Harper}, G.~M. and {Brown}, A. and {Guinan}, E.~F.},
    title = "{A New VLA-Hipparcos Distance to Betelgeuse and its Implications}",
  journal = {AJ},
 keywords = {astrometry, radio continuum: stars, stars: individual: {$\alpha$} Ori, stars: kinematics, supergiants, techniques: interferometric},
     year = 2008,
    month = apr,
   volume = 135,
    pages = {1430-1440},
      doi = {10.1088/0004-6256/135/4/1430},
   adsurl = {http://adsabs.harvard.edu/abs/2008AJ....135.1430H},
  adsnote = {Provided by the SAO/NASA Astrophysics Data System}
}

@ARTICLE{2012A&A...546A..73H,
   author = {{H{\'e}nault-Brunet}, V. and {Evans}, C.~J. and {Sana}, H. and
  {Gieles}, M. and {Bastian}, N. and {Ma{\'{\i}}z Apell{\'a}niz}, J. and
  {Markova}, N. and {Taylor}, W.~D. and {Bressert}, E. and {Crowther}, P.~A. and
  {van Loon}, J.~T.},
    title = "{The VLT-FLAMES Tarantula Survey. VII. A low velocity dispersion for the young massive cluster R136}",
  journal = {\aap},
archivePrefix = "arXiv",
   eprint = {1208.0825},
 keywords = {binaries: spectroscopic, galaxies: star clusters: individual R136, Magellanic Clouds, stars: early-type, stars: kinematics and dynamics},
     year = 2012,
    month = oct,
   volume = 546,
      eid = {A73},
    pages = {A73},
      doi = {10.1051/0004-6361/201219471},
   adsurl = {http://adsabs.harvard.edu/abs/2012A%26A...546A..73H},
  adsnote = {Provided by the SAO/NASA Astrophysics Data System}
}

@ARTICLE{2009A&A...505.1027H,
   author = {{Hern{\'a}ndez-Mart{\'{\i}}nez}, L. and {Pe{\~n}a}, M. and {Carigi}, L. and
  {Garc{\'{\i}}a-Rojas}, J.},
    title = "{Chemical behavior of the dwarf irregular galaxy NGC6822. Its PN and HII region abundances}",
  journal = {\aap},
archivePrefix = "arXiv",
   eprint = {0906.4402},
 primaryClass = "astro-ph.CO",
 keywords = {ISM: abundances, HII regions, planetary nebulae: general, galaxies: dwarf, galaxy: abundances, galaxies: evolution},
     year = 2009,
    month = oct,
   volume = 505,
    pages = {1027-1039},
      doi = {10.1051/0004-6361/200912476},
   adsurl = {http://adsabs.harvard.edu/abs/2009A%26A...505.1027H},
  adsnote = {Provided by the SAO/NASA Astrophysics Data System}
}


@ARTICLE{2005ARA&A..43..435H,
   author = {{Herwig}, F.},
    title = "{Evolution of Asymptotic Giant Branch Stars}",
  journal = {\araa},
     year = 2005,
    month = sep,
   volume = 43,
    pages = {435-479},
      doi = {10.1146/annurev.astro.43.072103.150600},
   adsurl = {http://adsabs.harvard.edu/abs/2005ARA%26A..43..435H},
  adsnote = {Provided by the SAO/NASA Astrophysics Data System}
}

@BOOK{1988mcts.book.....H,
   author = {{Houk}, N. and {Smith-Moore}, M.},
    title = "{Michigan Catalogue of Two-dimensional Spectral Types for the HD Stars. Volume 4, Declinations -26{\deg}.0 to -12{\deg}.0.}",
booktitle = {Michigan Catalogue of Two-dimensional Spectral Types for the HD Stars.~Volume 4, Declinations -26{\deg}.0 to -12{\deg}.0..~N.~Houk, M.~Smith-Moore.Department of Astronomy, University of Michigan, Ann Arbor, MI 48109-1090, USA.~14+505 pp.~Price US 25.00 (USA, Canada), US 28.00 (Foreign) (1988).},
     year = 1988,
   adsurl = {http://adsabs.harvard.edu/abs/1988mcts.book.....H},
  adsnote = {Provided by the SAO/NASA Astrophysics Data System}
}

@INPROCEEDINGS{Humphreys13,
   author = {{Humphreys}, R.~M.},
    title = "{Red Supergiants and Post-Red Supergiants - the Evidence for High Mass Loss Events}",
booktitle = {EAS Publications Series},
     year = 2013,
   series = {EAS Publications Series},
   volume = 60,
    month = may,
    pages = {185-190},
      doi = {10.1051/eas/1360021},
   adsurl = {http://adsabs.harvard.edu/abs/2013EAS....60..185H},
  adsnote = {Provided by the SAO/NASA Astrophysics Data System}
}

@ARTICLE{Humphreys86,
   author = {{Humphreys}, R.~M. and {Graham}, J.~A.},
    title = "{The M supergiants in NGC 300}",
  journal = {AJ},
 keywords = {ASTRONOMICAL SPECTROSCOPY, M STARS, SPIRAL GALAXIES, SUPERGIANT STARS, INFRARED PHOTOMETRY, SPECTRAL LINE WIDTH, STELLAR COLOR, STELLAR LUMINOSITY},
     year = 1986,
    month = mar,
   volume = 91,
    pages = {522-529},
      doi = {10.1086/114031},
   adsurl = {http://adsabs.harvard.edu/abs/1986AJ.....91..522H},
  adsnote = {Provided by the SAO/NASA Astrophysics Data System}
}

@ARTICLE{1979ApJ...231..384H,
   author = {{Humphreys}, R.~M.},
    title = "{M supergiants and the low metal abundances in the Small Magellanic Cloud}",
  journal = {\apj},
 keywords = {Abundance, Late Stars, M Stars, Magellanic Clouds, Supergiant Stars, Astronomical Photometry, Atmospheric Composition, Electrophotometry, Metals, Stellar Atmospheres},
     year = 1979,
    month = jul,
   volume = 231,
    pages = {384-387},
      doi = {10.1086/157201},
   adsurl = {http://adsabs.harvard.edu/abs/1979ApJ...231..384H},
  adsnote = {Provided by the SAO/NASA Astrophysics Data System}
}

@ARTICLE{Humphreys78,
   author = {{Humphreys}, R.~M.},
    title = "{Studies of luminous stars in nearby galaxies. I. Supergiants and O stars in the Milky Way.}",
  journal = {ApJS},
 keywords = {Catalogues:O Stars, Catalogues:Supergiants, Early-Type Stars:Galaxies, Early-Type Stars:Galaxy},
     year = 1978,
    month = dec,
   volume = 38,
    pages = {309-350},
      doi = {10.1086/190559},
   adsurl = {http://adsabs.harvard.edu/abs/1978ApJS...38..309H},
  adsnote = {Provided by the SAO/NASA Astrophysics Data System}
}

@ARTICLE{2013MNRAS.429.1039H,
   author = {{Huxor}, A.~P. and {Ferguson}, A.~M.~N. and {Veljanoski}, J. and
  {Mackey}, A.~D. and {Tanvir}, N.~R.},
    title = "{Three newly discovered globular clusters in NGC 6822}",
  journal = {\mnras},
archivePrefix = "arXiv",
   eprint = {1211.3896},
 primaryClass = "astro-ph.CO",
 keywords = {galaxies: individual: NGC 6822, galaxies: star clusters: general},
     year = 2013,
    month = feb,
   volume = 429,
    pages = {1039-1044},
      doi = {10.1093/mnras/sts387},
   adsurl = {http://adsabs.harvard.edu/abs/2013MNRAS.429.1039H},
  adsnote = {Provided by the SAO/NASA Astrophysics Data System}
}

@ARTICLE{2011ApJ...738...58H,
   author = {{Hwang}, N. and {Lee}, M.~G. and {Lee}, J.~C. and {Park}, W.-K. and
  {Park}, H.~S. and {Kim}, S.~C. and {Park}, J.-H.},
    title = "{Extended Star Clusters in the Remote Halo of the Intriguing Dwarf Galaxy NGC 6822}",
  journal = {\apj},
archivePrefix = "arXiv",
   eprint = {1106.2878},
 primaryClass = "astro-ph.CO",
 keywords = {galaxies: dwarf, galaxies: individual: NGC 6822, galaxies: star clusters: general, Local Group},
     year = 2011,
    month = sep,
   volume = 738,
      eid = {58},
    pages = {58},
      doi = {10.1088/0004-637X/738/1/58},
   adsurl = {http://adsabs.harvard.edu/abs/2011ApJ...738...58H},
  adsnote = {Provided by the SAO/NASA Astrophysics Data System}
}


@ARTICLE{2014ApJ...783...49H,
   author = {{Hwang}, N. and {Park}, H.~S. and {Lee}, M.~G. and {Lim}, S. and
  {Hodge}, P.~W. and {Kim}, S.~C. and {Miller}, B. and {Weisz}, D.
  },
    title = "{Spectroscopic Study of Extended Star Clusters in Dwarf Galaxy NGC{\nbsp}6822}",
  journal = {\apj},
archivePrefix = "arXiv",
   eprint = {1401.2492},
 primaryClass = "astro-ph.GA",
 keywords = {galaxies: dwarf, galaxies: individual: NGC 6822, galaxies: star clusters: general, Local Group },
     year = 2014,
    month = mar,
   volume = 783,
      eid = {49},
    pages = {49},
      doi = {10.1088/0004-637X/783/1/49},
   adsurl = {http://adsabs.harvard.edu/abs/2014ApJ...783...49H},
  adsnote = {Provided by the SAO/NASA Astrophysics Data System}
}

@ARTICLE{Iben66a,
   author = {{Iben}, Jr., I.},
    title = "{Stellar Evolution. III. The Evolution of a 5 M\_$\{$sun$\}$ Star from the Main Sequence Through Core Helium Burning}",
  journal = {ApJ},
     year = 1966,
    month = feb,
   volume = 143,
    pages = {483},
      doi = {10.1086/148528},
   adsurl = {http://adsabs.harvard.edu/abs/1966ApJ...143..483I},
  adsnote = {Provided by the SAO/NASA Astrophysics Data System}
}

@ARTICLE{Iben66b,
   author = {{Iben}, Jr., I.},
    title = "{Stellar Evolution.IV. The Evolution of a 9 M\_$\{$sun$\}$ Star from the Main Sequence Through Core Helium Burning}",
  journal = {ApJ},
     year = 1966,
    month = feb,
   volume = 143,
    pages = {505},
      doi = {10.1086/148529},
   adsurl = {http://adsabs.harvard.edu/abs/1966ApJ...143..505I},
  adsnote = {Provided by the SAO/NASA Astrophysics Data System}
}


@ARTICLE{Iben66c,
   author = {{Iben}, Jr., I.},
    title = "{Stellar Evolution. V. The Evolution of a 15 M\_$\{$sun$\}$ Star from the Main Sequence Through Core Helium}",
  journal = {ApJ},
     year = 1966,
    month = feb,
   volume = 143,
    pages = {516},
      doi = {10.1086/148530},
   adsurl = {http://adsabs.harvard.edu/abs/1966ApJ...143..516I},
  adsnote = {Provided by the SAO/NASA Astrophysics Data System}
}


@ARTICLE{1996A&A...308..723I,
   author = {{Israel}, F.~P. and {Bontekoe}, T.~R. and {Kester}, D.~J.~M.
  },
    title = "{Dust and molecules in the Local Group galaxy NGC 6822. I. Dust, star formation and the origin of infrared emission.}",
  journal = {\aap},
 keywords = {GALAXIES: INDIVIDUAL: NGC 6822, ISM, IRREGULAR, INFRARED: GALAXIES, RADIO CONTINUUM: GALAXIES},
     year = 1996,
    month = apr,
   volume = 308,
    pages = {723-732},
   adsurl = {http://adsabs.harvard.edu/abs/1996A%26A...308..723I},
  adsnote = {Provided by the SAO/NASA Astrophysics Data System}
}

@ARTICLE{Janka12,
   author = {{Janka}, H.-T.},
    title = "{Explosion Mechanisms of Core-Collapse Supernovae}",
  journal = {Annual Review of Nuclear and Particle Science},
archivePrefix = "arXiv",
   eprint = {1206.2503},
 primaryClass = "astro-ph.SR",
     year = 2012,
    month = nov,
   volume = 62,
    pages = {407-451},
      doi = {10.1146/annurev-nucl-102711-094901},
   adsurl = {http://adsabs.harvard.edu/abs/2012ARNPS..62..407J},
  adsnote = {Provided by the SAO/NASA Astrophysics Data System}
}

@ARTICLE{1994A&A...282..717J,
   author = {{Jasniewicz}, G. and {Thevenin}, F.},
    title = "{Metal abundances of magellanic cloud clusters}",
  journal = {\aap},
 keywords = {Abundance, Globular Clusters, Magellanic Clouds, Metallicity, Stellar Composition, Stellar Evolution, Stellar Spectra, Stellar Spectrophotometry, Atmospheric Models, Binary Stars, Chemical Evolution, Interstellar Extinction, Stellar Atmospheres, Stellar Color, Stellar Models},
     year = 1994,
    month = feb,
   volume = 282,
    pages = {717-723},
   adsurl = {http://adsabs.harvard.edu/abs/1994A%26A...282..717J},
  adsnote = {Provided by the SAO/NASA Astrophysics Data System}
}

@INPROCEEDINGS{2014ASPC..485..403K,
   author = {{Kausch}, W. and {Noll}, S. and {Smette}, A. and {Kimeswenger}, S. and
  {Horst}, H. and {Sana}, H. and {Jones}, A.~M. and {Barden}, M. and
  {Szyszka}, C. and {Vinther}, J.},
    title = "{Molecfit: A Package for Telluric Absorption Correction}",
booktitle = {Astronomical Society of the Pacific Conference Series},
     year = 2014,
   series = {Astronomical Society of the Pacific Conference Series},
   volume = 485,
archivePrefix = "arXiv",
   eprint = {1401.7768},
 primaryClass = "astro-ph.IM",
   editor = {{Manset}, N. and {Forshay}, P.},
    month = may,
    pages = {403},
   adsurl = {http://adsabs.harvard.edu/abs/2014ASPC..485..403K},
  adsnote = {Provided by the SAO/NASA Astrophysics Data System}
}


@ARTICLE{Kennicutt12,
   author = {{Kennicutt}, R.~C. and {Evans}, N.~J.},
    title = "{Star Formation in the Milky Way and Nearby Galaxies}",
  journal = {ARA\&A},
archivePrefix = "arXiv",
   eprint = {1204.3552},
 primaryClass = "astro-ph.GA",
     year = 2012,
    month = sep,
   volume = 50,
    pages = {531-608},
      doi = {10.1146/annurev-astro-081811-125610},
   adsurl = {http://adsabs.harvard.edu/abs/2012ARA%26A..50..531K},
  adsnote = {Provided by the SAO/NASA Astrophysics Data System}
}

@ARTICLE{Kewley02,
   author = {{Kewley}, L.~J. and {Dopita}, M.~A.},
    title = "{Using Strong Lines to Estimate Abundances in Extragalactic H II Regions and Starburst Galaxies}",
  journal = {\apjs},
   eprint = {arXiv:astro-ph/0206495},
 keywords = {Galaxies: Abundances, Galaxies: Evolution, Galaxies: Starburst, ISM: Abundances},
     year = 2002,
    month = sep,
   volume = 142,
    pages = {35-52},
      doi = {10.1086/341326},
   adsurl = {http://adsabs.harvard.edu/abs/2002ApJS..142...35K},
  adsnote = {Provided by the SAO/NASA Astrophysics Data System}
}

@ARTICLE{Kewley08,
   author = {{Kewley}, L.~J. and {Ellison}, S.~L.},
    title = "{Metallicity Calibrations and the Mass-Metallicity Relation for Star-forming Galaxies}",
  journal = {ApJ},
archivePrefix = "arXiv",
   eprint = {0801.1849},
 keywords = {Galaxies: Abundances, Galaxies: Fundamental Parameters, Galaxies: Spiral, Galaxies: Starburst, Techniques: Spectroscopic},
     year = 2008,
    month = jul,
   volume = 681,
    pages = {1183-1204},
      doi = {10.1086/587500},
   adsurl = {http://adsabs.harvard.edu/abs/2008ApJ...681.1183K},
  adsnote = {Provided by the SAO/NASA Astrophysics Data System}
}

@ARTICLE{1966AJ.....71...64K,
   author = {{King}, I.~R.},
    title = "{The structure of star clusters. III. Some simple dynamical models}",
  journal = {\aj},
     year = 1966,
    month = feb,
   volume = 71,
    pages = {64},
      doi = {10.1086/109857},
   adsurl = {http://adsabs.harvard.edu/abs/1966AJ.....71...64K},
  adsnote = {Provided by the SAO/NASA Astrophysics Data System}
}

@ARTICLE{2013ApJ...779..102K,
   author = {{Kirby}, E.~N. and {Cohen}, J.~G. and {Guhathakurta}, P. and
  {Cheng}, L. and {Bullock}, J.~S. and {Gallazzi}, A.},
    title = "{The Universal Stellar Mass-Stellar Metallicity Relation for Dwarf Galaxies}",
  journal = {\apj},
archivePrefix = "arXiv",
   eprint = {1310.0814},
 primaryClass = "astro-ph.GA",
 keywords = {galaxies: abundances, galaxies: dwarf, galaxies: fundamental parameters, galaxies: irregular, Local Group},
     year = 2013,
    month = dec,
   volume = 779,
      eid = {102},
    pages = {102},
      doi = {10.1088/0004-637X/779/2/102},
   adsurl = {http://adsabs.harvard.edu/abs/2013ApJ...779..102K},
  adsnote = {Provided by the SAO/NASA Astrophysics Data System}
}

@ARTICLE{2003ApJ...590L..17K,
   author = {{Komiyama}, Y. and {Okamura}, S. and {Yagi}, M. and {Furusawa}, H. and
  {Doi}, M. and {Hamabe}, M. and {Imi}, K. and {Kimura}, M. and
  {Miyazaki}, S. and {Nakata}, F. and {Okada}, N. and {Ouchi}, M. and
  {Sekiguchi}, M. and {Shimasaku}, K. and {Yasuda}, N. and {Arimoto}, N. and
  {Ikuta}, C.},
    title = "{Discovery of Latent Star Formation in the Extended H I Gas around the Local Group Dwarf Irregular Galaxy NGC 6822}",
  journal = {\apjl},
 keywords = {Galaxies: Evolution, Galaxies: Individual: NGC Number: NGC 6822, Galaxies: Irregular, Galaxies: Stellar Content, Galaxies: Local Group},
     year = 2003,
    month = jun,
   volume = 590,
    pages = {L17-L20},
      doi = {10.1086/376551},
   adsurl = {http://adsabs.harvard.edu/abs/2003ApJ...590L..17K},
  adsnote = {Provided by the SAO/NASA Astrophysics Data System}
}


@ARTICLE{Koppen07,
   author = {{K{\"o}ppen}, J. and {Weidner}, C. and {Kroupa}, P.},
    title = "{A possible origin of the mass-metallicity relation of galaxies}",
  journal = {MNRAS},
   eprint = {arXiv:astro-ph/0611723},
 keywords = {stars: luminosity function, mass function , ISM: abundances , ISM: evolution , galaxies: abundances , galaxies: evolution , galaxies: ISM},
     year = 2007,
    month = feb,
   volume = 375,
    pages = {673-684},
      doi = {10.1111/j.1365-2966.2006.11328.x},
   adsurl = {http://adsabs.harvard.edu/abs/2007MNRAS.375..673K},
  adsnote = {Provided by the SAO/NASA Astrophysics Data System}
}

@ARTICLE{2004AJ....128...16K,
   author = {{Koribalski}, B.~S. and {Staveley-Smith}, L. and {Kilborn}, V.~A. and
  {Ryder}, S.~D. and {Kraan-Korteweg}, R.~C. and {Ryan-Weber}, E.~V. and
  {Ekers}, R.~D. and {Jerjen}, H. and {Henning}, P.~A. and {Putman}, M.~E. and
  {Zwaan}, M.~A. and {de Blok}, W.~J.~G. and {Calabretta}, M.~R. and
  {Disney}, M.~J. and {Minchin}, R.~F. and {Bhathal}, R. and {Boyce}, P.~J. and
  {Drinkwater}, M.~J. and {Freeman}, K.~C. and {Gibson}, B.~K. and
  {Green}, A.~J. and {Haynes}, R.~F. and {Juraszek}, S. and {Kesteven}, M.~J. and
  {Knezek}, P.~M. and {Mader}, S. and {Marquarding}, M. and {Meyer}, M. and
  {Mould}, J.~R. and {Oosterloo}, T. and {O'Brien}, J. and {Price}, R.~M. and
  {Sadler}, E.~M. and {Schr{\"o}der}, A. and {Stewart}, I.~M. and
  {Stootman}, F. and {Waugh}, M. and {Warren}, B.~E. and {Webster}, R.~L. and
  {Wright}, A.~E.},
    title = "{The 1000 Brightest HIPASS Galaxies: H I Properties}",
  journal = {\aj},
   eprint = {astro-ph/0404436},
 keywords = {Galaxies: Distances and Redshifts, Galaxies: Fundamental Parameters, Galaxies: Kinematics and Dynamics, Galaxies: Intergalactic Medium, radio emission lines, Surveys},
     year = 2004,
    month = jul,
   volume = 128,
    pages = {16-46},
      doi = {10.1086/421744},
   adsurl = {http://adsabs.harvard.edu/abs/2004AJ....128...16K},
  adsnote = {Provided by the SAO/NASA Astrophysics Data System}
}

@ARTICLE{1998ApJ...509..879D,
   author = {{de Koter}, A. and {Heap}, S.~R. and {Hubeny}, I.},
    title = "{An Empirical Isochrone of Very Massive Stars in R136a}",
  journal = {\apj},
 keywords = {GALAXIES: MAGELLANIC CLOUDS, STARS: EARLY-TYPE, STARS: EVOLUTION, STARS: FUNDAMENTAL PARAMETERS, STARS: MASS LOSS, ULTRAVIOLET: STARS, Galaxies: Magellanic Clouds, Stars: Early-Type, Stars: Evolution, Stars: Fundamental Parameters, Stars: Mass Loss, Ultraviolet: Stars},
     year = 1998,
    month = dec,
   volume = 509,
    pages = {879-896},
      doi = {10.1086/306503},
   adsurl = {http://adsabs.harvard.edu/abs/1998ApJ...509..879D},
  adsnote = {Provided by the SAO/NASA Astrophysics Data System}
}

@ARTICLE{Kraus10,
   author = {{Kraus}, S. and {Hofmann}, K.-H. and {Menten}, K.~M. and {Schertl}, D. and
  {Weigelt}, G. and {Wyrowski}, F. and {Meilland}, A. and {Perraut}, K. and
  {Petrov}, R. and {Robbe-Dubois}, S. and {Schilke}, P. and {Testi}, L.
  },
    title = "{A hot compact dust disk around a massive young stellar object}",
  journal = {Nature},
archivePrefix = "arXiv",
   eprint = {1007.5062},
 primaryClass = "astro-ph.SR",
     year = 2010,
    month = jul,
   volume = 466,
    pages = {339-342},
      doi = {10.1038/nature09174},
   adsurl = {http://adsabs.harvard.edu/abs/2010Natur.466..339K},
  adsnote = {Provided by the SAO/NASA Astrophysics Data System}
}

@ARTICLE{Kudritzki08,
   author = {{Kudritzki}, R.-P. and {Urbaneja}, M.~A. and {Bresolin}, F. and
	{Przybilla}, N. and {Gieren}, W. and {Pietrzy{\'n}ski}, G.},
    title = "{Quantitative Spectroscopy of 24 A Supergiants in the Sculptor Galaxy NGC 300: Flux-weighted Gravity-Luminosity Relationship, Metallicity, and Metallicity Gradient}",
  journal = {ApJ},
archivePrefix = "arXiv",
   eprint = {0803.3654},
 keywords = {Galaxies: Distances and Redshifts, Galaxies: Individual: NGC Number: NGC 300, Stars: Abundances, Stars: Early-Type, Stars: Supergiants},
     year = 2008,
    month = jul,
   volume = 681,
    pages = {269-289},
      doi = {10.1086/588647},
   adsurl = {http://adsabs.harvard.edu/abs/2008ApJ...681..269K},
  adsnote = {Provided by the SAO/NASA Astrophysics Data System}
}

@ARTICLE{Kudritzki10,
   author = {{Kudritzki}, R.-P.},
    title = "{Dissecting galaxies with quantitative spectroscopy of the brightest stars in the Universe}",
  journal = {Astronomische Nachrichten},
archivePrefix = "arXiv",
   eprint = {1002.5039},
 primaryClass = "astro-ph.CO",
 keywords = {galaxies: abundances, galaxies: distances, stars: abundances, stars: distances, stars: early-type},
     year = 2010,
    month = may,
   volume = 331,
    pages = {459},
      doi = {10.1002/asna.200911342},
   adsurl = {http://adsabs.harvard.edu/abs/2010AN....331..459K},
  adsnote = {Provided by the SAO/NASA Astrophysics Data System}
}
@ARTICLE{Kudritzki12,
   author = {{Kudritzki}, R.-P. and {Urbaneja}, M.~A. and {Gazak}, Z. and
	{Bresolin}, F. and {Przybilla}, N. and {Gieren}, W. and {Pietrzy{\'n}ski}, G.
	},
    title = "{Quantitative Spectroscopy of Blue Supergiant Stars in the Disk of M81: Metallicity, Metallicity Gradient, and Distance}",
  journal = {ApJ},
archivePrefix = "arXiv",
   eprint = {1112.3643},
 primaryClass = "astro-ph.CO",
 keywords = {galaxies: distances and redshifts, galaxies: individual: M81, stars: abundances, stars: early-type},
     year = 2012,
    month = mar,
   volume = 747,
      eid = {15},
    pages = {15},
      doi = {10.1088/0004-637X/747/1/15},
   adsurl = {http://adsabs.harvard.edu/abs/2012ApJ...747...15K},
  adsnote = {Provided by the SAO/NASA Astrophysics Data System}
}

@ARTICLE{2003ARA&A..41...57L,
   author = {{Lada}, C.~J. and {Lada}, E.~A.},
    title = "{Embedded Clusters in Molecular Clouds}",
  journal = {\araa},
   eprint = {astro-ph/0301540},
     year = 2003,
   volume = 41,
    pages = {57-115},
      doi = {10.1146/annurev.astro.41.011802.094844},
   adsurl = {http://adsabs.harvard.edu/abs/2003ARA%26A..41...57L},
  adsnote = {Provided by the SAO/NASA Astrophysics Data System}
}

@ARTICLE{2014A&A...564A..52L,
   author = {{Langer}, N. and {Kudritzki}, R.~P.},
    title = "{The spectroscopic Hertzsprung-Russell diagram}",
  journal = {\aap},
archivePrefix = "arXiv",
   eprint = {1403.2212},
 primaryClass = "astro-ph.SR",
 keywords = {stars: atmospheres, stars: evolution},
     year = 2014,
    month = apr,
   volume = 564,
      eid = {A52},
    pages = {A52},
      doi = {10.1051/0004-6361/201423374},
   adsurl = {http://adsabs.harvard.edu/abs/2014A%26A...564A..52L},
  adsnote = {Provided by the SAO/NASA Astrophysics Data System}
}


@ARTICLE{Langer12,
   author = {{Langer}, N.},
    title = "{Presupernova Evolution of Massive Single and Binary Stars}",
  journal = {ARA\&A},
archivePrefix = "arXiv",
   eprint = {1206.5443},
 primaryClass = "astro-ph.SR",
     year = 2012,
    month = sep,
   volume = 50,
    pages = {107-164},
      doi = {10.1146/annurev-astro-081811-125534},
   adsurl = {http://adsabs.harvard.edu/abs/2012ARA%26A..50..107L},
  adsnote = {Provided by the SAO/NASA Astrophysics Data System}
}

@ARTICLE{2015ApJ...798...23L,
   author = {{Lapenna}, E. and {Origlia}, L. and {Mucciarelli}, A. and {Lanzoni}, B. and
  {Ferraro}, F.~R. and {Dalessandro}, E. and {Valenti}, E. and
  {Cirasuolo}, M.},
    title = "{Radial Velocities from VLT-KMOS Spectra of Giant Stars in the Globular Cluster NGC{\nbsp}6388}",
  journal = {\apj},
archivePrefix = "arXiv",
   eprint = {1410.5825},
 primaryClass = "astro-ph.SR",
 keywords = {globular clusters: individual: NGC 6388, instrumentation: spectrographs, stars: kinematics and dynamics, techniques: spectroscopic },
     year = 2015,
    month = jan,
   volume = 798,
      eid = {23},
    pages = {23},
      doi = {10.1088/0004-637X/798/1/23},
   adsurl = {http://adsabs.harvard.edu/abs/2015ApJ...798...23L},
  adsnote = {Provided by the SAO/NASA Astrophysics Data System}
}

@ARTICLE{2006ApJ...647..970L,
   author = {{Lee}, H. and {Skillman}, E.~D. and {Cannon}, J.~M. and {Jackson}, D.~C. and
  {Gehrz}, R.~D. and {Polomski}, E.~F. and {Woodward}, C.~E.},
    title = "{On Extending the Mass-Metallicity Relation of Galaxies by 2.5 Decades in Stellar Mass}",
  journal = {ApJ},
   eprint = {astro-ph/0605036},
 keywords = {Galaxies: Dwarf, Galaxies: Evolution, Galaxies: Irregular, Infrared: Galaxies},
     year = 2006,
    month = aug,
   volume = 647,
    pages = {970-983},
      doi = {10.1086/505573},
   adsurl = {http://adsabs.harvard.edu/abs/2006ApJ...647..970L},
  adsnote = {Provided by the SAO/NASA Astrophysics Data System}
}


@ARTICLE{Lee07,
   author = {{Lee}, H.-T. and {Chen}, W.~P.},
    title = "{Triggered Star Formation by Massive Stars}",
  journal = {ApJ},
   eprint = {arXiv:astro-ph/0509315},
 keywords = {ISM: Clouds, ISM: Molecules, Stars: Formation, Stars: Pre-Main-Sequence},
     year = 2007,
    month = mar,
   volume = 657,
    pages = {884-896},
      doi = {10.1086/510893},
   adsurl = {http://adsabs.harvard.edu/abs/2007ApJ...657..884L},
  adsnote = {Provided by the SAO/NASA Astrophysics Data System}
}

@ARTICLE{2006ApJ...642..813L,
   author = {{Lee}, H. and {Skillman}, E.~D. and {Venn}, K.~A.},
    title = "{The Spatial Homogeneity of Nebular and Stellar Oxygen Abundances in the Local Group Dwarf Irregular Galaxy NGC 6822}",
  journal = {\apj},
   eprint = {astro-ph/0512428},
 keywords = {Galaxies: Abundances, Galaxies: Dwarf, Galaxies: Evolution, Galaxies: Individual: NGC Number: NGC 6822, Galaxies: Irregular},
     year = 2006,
    month = may,
   volume = 642,
    pages = {813-833},
      doi = {10.1086/500568},
   adsurl = {http://adsabs.harvard.edu/abs/2006ApJ...642..813L},
  adsnote = {Provided by the SAO/NASA Astrophysics Data System}
}

@ARTICLE{2002AJ....123..832L,
   author = {{Letarte}, B. and {Demers}, S. and {Battinelli}, P. and {Kunkel}, W.~E.
  },
    title = "{The Extent of NGC 6822 Revealed by Its C Star Population}",
  journal = {\aj},
   eprint = {astro-ph/0110026},
 keywords = {Galaxies: Individual: NGC Number: NGC 6822, Galaxies: Stellar Content, Galaxies: Structure, Stars: Carbon},
     year = 2002,
    month = feb,
   volume = 123,
    pages = {832-839},
      doi = {10.1086/338319},
   adsurl = {http://adsabs.harvard.edu/abs/2002AJ....123..832L},
  adsnote = {Provided by the SAO/NASA Astrophysics Data System}
}

@ARTICLE{Lequeux79,
   author = {{Lequeux}, J. and {Peimbert}, M. and {Rayo}, J.~F. and {Serrano}, A. and
	{Torres-Peimbert}, S.},
    title = "{Chemical composition and evolution of irregular and blue compact galaxies}",
  journal = {A\&A},
 keywords = {ASTRONOMICAL PHOTOMETRY, CHEMICAL COMPOSITION, COMPACT GALAXIES, GALACTIC EVOLUTION, GALACTIC STRUCTURE, STELLAR SPECTROPHOTOMETRY, ABUNDANCE, CARBON, H II REGIONS, HEAVY ELEMENTS, HYDROGEN IONS, NITROGEN, OXYGEN},
     year = 1979,
    month = dec,
   volume = 80,
    pages = {155-166},
   adsurl = {http://adsabs.harvard.edu/abs/1979A%26A....80..155L},
  adsnote = {Provided by the SAO/NASA Astrophysics Data System}
}

@ARTICLE{Levesque05,
   author = {{Levesque}, E.~M. and {Massey}, P. and {Olsen}, K.~A.~G. and
	{Plez}, B. and {Josselin}, E. and {Maeder}, A. and {Meynet}, G.
	},
    title = "{The Effective Temperature Scale of Galactic Red Supergiants: Cool, but Not As Cool As We Thought}",
  journal = {ApJ},
   eprint = {arXiv:astro-ph/0504337},
 keywords = {ISM: Dust, Extinction, Stars: Atmospheres, Stars: Fundamental Parameters, Stars: Late-Type, Stars: Supergiants},
     year = 2005,
    month = aug,
   volume = 628,
    pages = {973-985},
      doi = {10.1086/430901},
   adsurl = {http://adsabs.harvard.edu/abs/2005ApJ...628..973L},
  adsnote = {Provided by the SAO/NASA Astrophysics Data System}
}
@ARTICLE{Levesque06,
   author = {{Levesque}, E.~M. and {Massey}, P. and {Olsen}, K.~A.~G. and
	{Plez}, B. and {Meynet}, G. and {Maeder}, A.},
    title = "{The Effective Temperatures and Physical Properties of Magellanic Cloud Red Supergiants: The Effects of Metallicity}",
  journal = {ApJ},
   eprint = {arXiv:astro-ph/0603596},
 keywords = {ISM: Dust, Extinction, Stars: Atmospheres, Stars: Fundamental Parameters, Stars: Late-Type, Stars: Supergiants},
     year = 2006,
    month = jul,
   volume = 645,
    pages = {1102-1117},
      doi = {10.1086/504417},
   adsurl = {http://adsabs.harvard.edu/abs/2006ApJ...645.1102L},
  adsnote = {Provided by the SAO/NASA Astrophysics Data System}
}

@ARTICLE{2012AJ....144....2L,
   author = {{Levesque}, E.~M. and {Massey}, P.},
    title = "{Spectral Types of Red Supergiants in NGC 6822 and the Wolf-Lundmark-Melotte Galaxy}",
  journal = {AJ},
archivePrefix = "arXiv",
   eprint = {1204.4450},
 primaryClass = "astro-ph.SR",
 keywords = {Local Group, stars: variables: general, supergiants},
     year = 2012,
    month = jul,
   volume = 144,
      eid = {2},
    pages = {2},
      doi = {10.1088/0004-6256/144/1/2},
   adsurl = {http://adsabs.harvard.edu/abs/2012AJ....144....2L},
  adsnote = {Provided by the SAO/NASA Astrophysics Data System}
}

@ARTICLE{2014prpl.conf..291L,
   author = {{Longmore}, S.~N. and {Kruijssen}, J.~M.~D. and {Bastian}, N. and
  {Bally}, J. and {Rathborne}, J. and {Testi}, L. and {Stolte}, A. and
  {Dale}, J. and {Bressert}, E. and {Alves}, J.},
    title = "{The Formation and Early Evolution of Young Massive Clusters}",
  journal = {Protostars and Planets VI},
archivePrefix = "arXiv",
   eprint = {1401.4175},
     year = 2014,
    pages = {291-314},
      doi = {10.2458/azu_uapress_9780816531240-ch013},
   adsurl = {http://adsabs.harvard.edu/abs/2014prpl.conf..291L},
  adsnote = {Provided by the SAO/NASA Astrophysics Data System}
}


@ARTICLE{Luhman12,
   author = {{Luhman}, K.~L.},
    title = "{The Formation and Early Evolution of Low-Mass Stars and Brown Dwarfs}",
  journal = {ARA\&A},
archivePrefix = "arXiv",
   eprint = {1208.5800},
 primaryClass = "astro-ph.GA",
     year = 2012,
    month = sep,
   volume = 50,
    pages = {65-106},
      doi = {10.1146/annurev-astro-081811-125528},
   adsurl = {http://adsabs.harvard.edu/abs/2012ARA%26A..50...65L},
  adsnote = {Provided by the SAO/NASA Astrophysics Data System}
}

@ARTICLE{Maiolino08,
   author = {{Maiolino}, R. and {Nagao}, T. and {Grazian}, A. and {Cocchia}, F. and
	{Marconi}, A. and {Mannucci}, F. and {Cimatti}, A. and {Pipino}, A. and
	{Ballero}, S. and {Calura}, F. and {Chiappini}, C. and {Fontana}, A. and
	{Granato}, G.~L. and {Matteucci}, F. and {Pastorini}, G. and
	{Pentericci}, L. and {Risaliti}, G. and {Salvati}, M. and {Silva}, L.
	},
    title = "{AMAZE. I. The evolution of the mass-metallicity relation at z $<$ 3}",
  journal = {A\&A},
archivePrefix = "arXiv",
   eprint = {0806.2410},
 keywords = {ISM: abundances, galaxies: abundances, galaxies: evolution, galaxies: high-redshift, galaxies: starburst},
     year = 2008,
    month = sep,
   volume = 488,
    pages = {463-479},
      doi = {10.1051/0004-6361:200809678},
   adsurl = {http://adsabs.harvard.edu/abs/2008A%26A...488..463M},
  adsnote = {Provided by the SAO/NASA Astrophysics Data System}
}

@ARTICLE{Massey13,
   author = {{Massey}, P.},
    title = "{Massive Stars in the Galaxies of the Local Group}",
  journal = {arXive e-prints},
   eprint = {1305.5914},
     year = 2013,
    month = may,
}

@ARTICLE{Massey09,
   author = {{Massey}, P. and {Silva}, D.~R. and {Levesque}, E.~M. and {Plez}, B. and
  {Olsen}, K.~A.~G. and {Clayton}, G.~C. and {Meynet}, G. and
  {Maeder}, A.},
    title = "{Red Supergiants in the Andromeda Galaxy (M31)}",
  journal = {ApJ},
archivePrefix = "arXiv",
   eprint = {0907.3767},
 primaryClass = "astro-ph.GA",
 keywords = {stars: atmospheres, stars: evolution, stars: fundamental parameters, stars: late-type},
     year = 2009,
    month = sep,
   volume = 703,
    pages = {420-440},
      doi = {10.1088/0004-637X/703/1/420},
   adsurl = {http://adsabs.harvard.edu/abs/2009ApJ...703..420M},
  adsnote = {Provided by the SAO/NASA Astrophysics Data System}
}

@ARTICLE{2007AJ....134.2474M,
   author = {{Massey}, P. and {Olsen}, K.~A.~G. and {Hodge}, P.~W. and {Jacoby}, G.~H. and
  {McNeill}, R.~T. and {Smith}, R.~C. and {Strong}, S.~B.},
    title = "{A Survey of Local Group Galaxies Currently Forming Stars. II. UBVRI Photometry of Stars in Seven Dwarfs and a Comparison of the Entire Sample}",
  journal = {AJ},
   eprint = {arXiv:astro-ph/0702236},
 keywords = {catalogs, galaxies: stellar content, stars: early-type, supergiants, surveys},
     year = 2007,
    month = may,
   volume = 133,
    pages = {2393-2417},
      doi = {10.1086/513319},
   adsurl = {http://adsabs.harvard.edu/abs/2007AJ....133.2393M},
  adsnote = {Provided by the SAO/NASA Astrophysics Data System}
}

@ARTICLE{Massey06,
   author = {{Massey}, P. and {Olsen}, K.~A.~G. and {Hodge}, P.~W. and {Strong}, S.~B. and
  {Jacoby}, G.~H. and {Schlingman}, W. and {Smith}, R.~C.},
    title = "{A Survey of Local Group Galaxies Currently Forming Stars. I. UBVRI Photometry of Stars in M31 and M33}",
  journal = {AJ},
   eprint = {arXiv:astro-ph/0602128},
 keywords = {Catalogs, Galaxies: Individual: Messier Number: M31, Galaxies: Individual: Messier Number: M33, Galaxies: Stellar Content, Stars: Early-Type, Stars: Supergiants, Surveys},
     year = 2006,
    month = may,
   volume = 131,
    pages = {2478-2496},
      doi = {10.1086/503256},
   adsurl = {http://adsabs.harvard.edu/abs/2006AJ....131.2478M},
  adsnote = {Provided by the SAO/NASA Astrophysics Data System}
}

@ARTICLE{Massey03,
   author = {{Massey}, P.},
    title = "{MASSIVE STARS IN THE LOCAL GROUP: Implications for Stellar Evolution and Star Formation}",
  journal = {AR\&A},
     year = 2003,
   volume = 41,
    pages = {15-56},
      doi = {10.1146/annurev.astro.41.071601.170033},
   adsurl = {http://adsabs.harvard.edu/abs/2003ARA%26A..41...15M},
  adsnote = {Provided by the SAO/NASA Astrophysics Data System}
}

@ARTICLE{MasseyOlsen03,
   author = {{Massey}, P. and {Olsen}, K.~A.~G.},
    title = "{The Evolution of Massive Stars. I. Red Supergiants in the Magellanic Clouds}",
  journal = {AJ},
   eprint = {arXiv:astro-ph/0309272},
 keywords = {Galaxies: Stellar Content, Galaxies: Structure, Galaxies: Magellanic Clouds, Stars: Evolution, Stars: Supergiants, Surveys},
     year = 2003,
    month = dec,
   volume = 126,
    pages = {2867-2886},
      doi = {10.1086/379558},
   adsurl = {http://adsabs.harvard.edu/abs/2003AJ....126.2867M},
  adsnote = {Provided by the SAO/NASA Astrophysics Data System}
}

@ARTICLE{Massey98,
   author = {{Massey}, P.},
    title = "{Evolved Massive Stars in the Local Group. I. Identification of Red Supergiants in NGC 6822, M31, and M33}",
  journal = {ApJ},
 keywords = {GALAXIES: INDIVIDUAL MESSIER NUMBER: M31, GALAXIES: INDIVIDUAL MESSIER NUMBER: M33, GALAXIES: INDIVIDUAL NGC NUMBER: NGC 6822, STARS: LATE-TYPE, STARS: WOLF-RAYET, STARS: SUPERGIANTS},
     year = 1998,
    month = jul,
   volume = 501,
    pages = {153},
      doi = {10.1086/305818},
   adsurl = {http://adsabs.harvard.edu/abs/1998ApJ...501..153M},
  adsnote = {Provided by the SAO/NASA Astrophysics Data System}
}


@ARTICLE{1998ApJ...493..180M,
   author = {{Massey}, P. and {Hunter}, D.~A.},
    title = "{Star Formation in R136: A Cluster of O3 Stars Revealed by Hubble Space Telescope Spectroscopy}",
  journal = {\apj},
 keywords = {STARS: EARLY-TYPE, STARS: LUMINOSITY FUNCTION, MASS FUNCTION, GALAXY: OPEN CLUSTERS AND ASSOCIATIONS: INDIVIDUAL ALPHANUMERIC: R136, Galaxy: Open Clusters and Associations: Individual: Alphanumeric: R136, Stars: Early-Type, Stars: Luminosity Function, Mass Function},
     year = 1998,
    month = jan,
   volume = 493,
    pages = {180-194},
      doi = {10.1086/305126},
   adsurl = {http://adsabs.harvard.edu/abs/1998ApJ...493..180M},
  adsnote = {Provided by the SAO/NASA Astrophysics Data System}
}


@ARTICLE{2012AJ....144....4M,
   author = {{McConnachie}, A.~W.},
    title = "{The Observed Properties of Dwarf Galaxies in and around the Local Group}",
  journal = {\aj},
archivePrefix = "arXiv",
   eprint = {1204.1562},
 primaryClass = "astro-ph.CO",
 keywords = {catalogs, galaxies: dwarf, galaxies: fundamental parameters, galaxies: general, galaxies: structure, Local Group},
     year = 2012,
    month = jul,
   volume = 144,
      eid = {4},
    pages = {4},
      doi = {10.1088/0004-6256/144/1/4},
   adsurl = {http://adsabs.harvard.edu/abs/2012AJ....144....4M},
  adsnote = {Provided by the SAO/NASA Astrophysics Data System}
}


@ARTICLE{McKee07,
   author = {{McKee}, C.~F. and {Ostriker}, E.~C.},
    title = "{Theory of Star Formation}",
  journal = {ARA\&A},
archivePrefix = "arXiv",
   eprint = {0707.3514},
     year = 2007,
    month = sep,
   volume = 45,
    pages = {565-687},
      doi = {10.1146/annurev.astro.45.051806.110602},
   adsurl = {http://adsabs.harvard.edu/abs/2007ARA%26A..45..565M},
  adsnote = {Provided by the SAO/NASA Astrophysics Data System}
}

@ARTICLE{2005ApJS..161..304M,
   author = {{McLaughlin}, D.~E. and {van der Marel}, R.~P.},
    title = "{Resolved Massive Star Clusters in the Milky Way and Its Satellites: Brightness Profiles and a Catalog of Fundamental Parameters}",
  journal = {\apjs},
   eprint = {astro-ph/0605132},
 keywords = {Galaxies: Star Clusters, Galaxy: Globular Clusters: General, Galaxies: Magellanic Clouds},
     year = 2005,
    month = dec,
   volume = 161,
    pages = {304-360},
      doi = {10.1086/497429},
   adsurl = {http://adsabs.harvard.edu/abs/2005ApJS..161..304M},
  adsnote = {Provided by the SAO/NASA Astrophysics Data System}
}

@ARTICLE{Mel'Nik95,
   author = {{Mel'Nik}, A.~M. and {Efremov}, Y.~N.},
    title = "{A new list of OB associations in our galaxy}",
  journal = {Astronomy Letters},
     year = 1995,
    month = jan,
   volume = 21,
    pages = {10-26},
   adsurl = {http://adsabs.harvard.edu/abs/1995AstL...21...10M},
  adsnote = {Provided by the SAO/NASA Astrophysics Data System}
}

@ARTICLE{2007A&A...466..151M,
   author = {{Mengel}, S. and {Tacconi-Garman}, L.~E.},
    title = "{Medium resolution 2.3 {$\mu$}m spectroscopy of the massive Galactic open cluster Westerlund 1}",
  journal = {\aap},
   eprint = {astro-ph/0701415},
 keywords = {open clusters and associations: individual: Westerlund 1, galaxies: star clusters, supergiants},
     year = 2007,
    month = apr,
   volume = 466,
    pages = {151-155},
      doi = {10.1051/0004-6361:20066717},
   adsurl = {http://adsabs.harvard.edu/abs/2007A%26A...466..151M},
  adsnote = {Provided by the SAO/NASA Astrophysics Data System}
}

@ARTICLE{Meynet11,
   author = {{Meynet}, G. and {Georgy}, C. and {Hirschi}, R. and {Maeder}, A. and
	{Massey}, P. and {Przybilla}, N. and {Nieva}, M.-F.},
    title = "{Red Supergiants, Luminous Blue Variables and Wolf-Rayet stars: the single massive star perspective}",
  journal = {Bulletin de la Societe Royale des Sciences de Liege},
archivePrefix = "arXiv",
   eprint = {1101.5873},
 primaryClass = "astro-ph.SR",
     year = 2011,
    month = jan,
   volume = 80,
    pages = {266-278},
   adsurl = {http://adsabs.harvard.edu/abs/2011BSRSL..80..266M},
  adsnote = {Provided by the SAO/NASA Astrophysics Data System}
}


@ARTICLE{1999A&A...352L..40M,
   author = {{Muschielok}, B. and {Kudritzki}, R.~P. and {Appenzeller}, I. and
  {Bresolin}, F. and {Butler}, K. and {G{\"a}ssler}, W. and {H{\"a}fner}, R. and
  {Hess}, H.~J. and {Hummel}, W. and {Lennon}, D.~J. and {Mantel}, K.-H. and
  {Meisl}, W. and {Seifert}, W. and {Smartt}, S.~J. and {Szeifert}, T. and
  {Tarantik}, K.},
    title = "{VLT FORS spectra of blue supergiants in the Local Group galaxy NGC 6822}",
  journal = {\aap},
 keywords = {ATOMIC DATA, LINE: FORMATION, STARS: HERTZSPRUNG-RUSSEL (HR) AND C-M DIAGRAMS, STARS: EARLY-TYPE, STARS: SUPERGIANTS},
     year = 1999,
    month = dec,
   volume = 352,
    pages = {L40-L44},
   adsurl = {http://adsabs.harvard.edu/abs/1999A%26A...352L..40M},
  adsnote = {Provided by the SAO/NASA Astrophysics Data System}
}

@INPROCEEDINGS{Negueruela13,
   author = {{Negueruela}, I. and {Gonz{\'a}lez-Fern{\'a}ndez}, C. and {Dorda}, R. and
	{Marco}, A. and {Clark}, J.~S.},
    title = "{The population of M-type supergiants in the starburst cluster Stephenson 2}",
booktitle = {EAS Publications Series},
     year = 2013,
   series = {EAS Publications Series},
   volume = 60,
archivePrefix = "arXiv",
   eprint = {1303.1837},
 primaryClass = "astro-ph.SR",
    month = may,
    pages = {279-285},
      doi = {10.1051/eas/1360032},
   adsurl = {http://adsabs.harvard.edu/abs/2013EAS....60..279N},
  adsnote = {Provided by the SAO/NASA Astrophysics Data System}
}
@ARTICLE{Neugent12,
   author = {{Neugent}, K.~F. and {Massey}, P. and {Skiff}, B. and {Meynet}, G.
	},
    title = "{Yellow and Red Supergiants in the Large Magellanic Cloud}",
  journal = {ApJ},
archivePrefix = "arXiv",
   eprint = {1202.4225},
 primaryClass = "astro-ph.SR",
 keywords = {galaxies: individual: LMC, galaxies: stellar content, Magellanic Clouds, stars: evolution, supergiants},
     year = 2012,
    month = apr,
   volume = 749,
      eid = {177},
    pages = {177},
      doi = {10.1088/0004-637X/749/2/177},
   adsurl = {http://adsabs.harvard.edu/abs/2012ApJ...749..177N},
  adsnote = {Provided by the SAO/NASA Astrophysics Data System}
}

@ARTICLE{2015A&A...575A..62N,
   author = {{Niederhofer}, F. and {Hilker}, M. and {Bastian}, N. and {Silva-Villa}, E.
  },
    title = "{No evidence for significant age spreads in young massive LMC clusters}",
  journal = {\aap},
archivePrefix = "arXiv",
   eprint = {1501.02275},
 keywords = {galaxies: star clusters: general, Magellanic Clouds, Hertzsprung-Russell and C-M diagrams, stars: evolution},
     year = 2015,
    month = mar,
   volume = 575,
      eid = {A62},
    pages = {A62},
      doi = {10.1051/0004-6361/201424455},
   adsurl = {http://adsabs.harvard.edu/abs/2015A%26A...575A..62N},
  adsnote = {Provided by the SAO/NASA Astrophysics Data System}
}

@ARTICLE{2012A&A...539A.143N,
   author = {{Nieva}, M.-F. and {Przybilla}, N.},
    title = "{Present-day cosmic abundances. A comprehensive study of nearby early B-type stars and implications for stellar and Galactic evolution and interstellar dust models}",
  journal = {\aap},
archivePrefix = "arXiv",
   eprint = {1203.5787},
 primaryClass = "astro-ph.SR",
 keywords = {stars: abundances, stars: early-type, stars: fundamental parameters, stars: evolution, ISM: abundances, Galaxy: evolution},
     year = 2012,
    month = mar,
   volume = 539,
      eid = {A143},
    pages = {A143},
      doi = {10.1051/0004-6361/201118158},
   adsurl = {http://adsabs.harvard.edu/abs/2012A%26A...539A.143N},
  adsnote = {Provided by the SAO/NASA Astrophysics Data System}
}

@ARTICLE{2000ApJ...542..804N,
   author = {{Nikolaev}, S. and {Weinberg}, M.~D.},
    title = "{Stellar Populations in the Large Magellanic Cloud from 2MASS}",
  journal = {ApJ},
   eprint = {arXiv:astro-ph/0003012},
 keywords = {Galaxies: Stellar Content, Infrared: Stars, Galaxies: Magellanic Clouds, Stars: Luminosity Function, Mass Function, Surveys},
     year = 2000,
    month = oct,
   volume = 542,
    pages = {804-818},
      doi = {10.1086/317048},
   adsurl = {http://adsabs.harvard.edu/abs/2000ApJ...542..804N},
  adsnote = {Provided by the SAO/NASA Astrophysics Data System}
}

@ARTICLE{Ohnaka08,
   author = {{Ohnaka}, K. and {Driebe}, T. and {Hofmann}, K.-H. and {Weigelt}, G. and
	{Wittkowski}, M.},
    title = "{Spatially resolved dusty torus toward the red supergiant WOH G64 in the Large Magellanic Cloud}",
  journal = {A\&A},
archivePrefix = "arXiv",
   eprint = {0803.3823},
 keywords = {infrared: stars, techniques: interferometric, stars: supergiants, stars: late-type, stars: circumstellar matter, stars: individual: WOH G64},
     year = 2008,
    month = jun,
   volume = 484,
    pages = {371-379},
      doi = {10.1051/0004-6361:200809469},
   adsurl = {http://adsabs.harvard.edu/abs/2008A%26A...484..371O},
  adsnote = {Provided by the SAO/NASA Astrophysics Data System}
}


@ARTICLE{1980MNRAS.193..219P,
   author = {{Pagel}, B.~E.~J. and {Edmunds}, M.~G. and {Smith}, G.},
    title = "{On the composition of H II regions in southern galaxies. II - NGC 6822 and 1313}",
  journal = {\mnras},
 keywords = {Chemical Composition, Galactic Nuclei, H Beta Line, H Ii Regions, Abundance, Electron Energy, Emission Spectra, H Alpha Line, Oxygen},
     year = 1980,
    month = oct,
   volume = 193,
    pages = {219-230},
   adsurl = {http://adsabs.harvard.edu/abs/1980MNRAS.193..219P},
  adsnote = {Provided by the SAO/NASA Astrophysics Data System}
}

@ARTICLE{2015ApJ...803...14P,
   author = {{Patrick}, L.~R. and {Evans}, C.~J. and {Davies}, B. and {Kudritzki}, R.-P. and
  {Gazak}, J.~Z. and {Bergemann}, M. and {Plez}, B. and {Ferguson}, A.~M.~N.
  },
    title = "{Red Supergiant Stars as Cosmic Abundance Probes: KMOS Observations in NGC 6822}",
  journal = {\apj},
archivePrefix = "arXiv",
   eprint = {1501.07601},
 primaryClass = "astro-ph.SR",
 keywords = {galaxies: individual: NGC 6822, stars: abundances, supergiants},
     year = 2015,
    month = apr,
   volume = 803,
      eid = {14},
    pages = {14},
      doi = {10.1088/0004-637X/803/1/14},
   adsurl = {http://adsabs.harvard.edu/abs/2015ApJ...803...14P},
  adsnote = {Provided by the SAO/NASA Astrophysics Data System}
}

@ARTICLE{2004AJ....128.2815P,
   author = {{Pietrzy{\'n}ski}, G. and {Gieren}, W. and {Udalski}, A. and
  {Bresolin}, F. and {Kudritzki}, R.-P. and {Soszy{\'n}ski}, I. and
  {Szyma{\'n}ski}, M. and {Kubiak}, M.},
    title = "{The Araucaria Project: The Distance to the Local Group Galaxy NGC 6822 from Cepheid Variables Discovered in a Wide-Field Imaging Survey}",
  journal = {ApJ},
   eprint = {astro-ph/0408572},
 keywords = {Stars: Variables: Cepheids, Cosmology: Distance Scale, Galaxies: Distances and Redshifts, Galaxies: Individual: NGC Number: NGC 6822, Galaxies: Stellar Content},
     year = 2004,
    month = dec,
   volume = 128,
    pages = {2815-2825},
      doi = {10.1086/425531},
   adsurl = {http://adsabs.harvard.edu/abs/2004AJ....128.2815P},
  adsnote = {Provided by the SAO/NASA Astrophysics Data System}
}

@INPROCEEDINGS{2010ASPC..425..124P,
   author = {{Plez}, B.},
    title = "{Model Atmospheres for Cool Massive Stars}",
booktitle = {Hot and Cool: Bridging Gaps in Massive Star Evolution},
     year = 2010,
   series = {Astronomical Society of the Pacific Conference Series},
   volume = 425,
archivePrefix = "arXiv",
   eprint = {0903.3484},
 primaryClass = "astro-ph.SR",
   editor = {{Leitherer}, C. and {Bennett}, P.~D. and {Morris}, P.~W. and
  {Van Loon}, J.~T.},
    month = jun,
    pages = {124},
   adsurl = {http://ukads.nottingham.ac.uk/abs/2010ASPC..425..124P},
  adsnote = {Provided by the SAO/NASA Astrophysics Data System}
}

@PHDTHESIS{2002PhDT.........3P,
   author = {{Przybilla}, N.},
    title = "{Quantitative Spectroscopy of Supergiants}",
   school = {Munich University Observatory, Ludwig-Maximilian-University Munich},
     year = 2002,
    month = June,
   adsurl = {http://adsabs.harvard.edu/abs/2002PhDT.........3P},
  adsnote = {Provided by the SAO/NASA Astrophysics Data System}
}


@ARTICLE{Poelarends08,
   author = {{Poelarends}, A.~J.~T. and {Herwig}, F. and {Langer}, N. and
	{Heger}, A.},
    title = "{The Supernova Channel of Super-AGB Stars}",
  journal = {ApJ},
archivePrefix = "arXiv",
   eprint = {0705.4643},
 keywords = {Stars: AGB and Post-AGB, Stars: Evolution, Stars: Neutron, Stars: Supernovae: General},
     year = 2008,
    month = mar,
   volume = 675,
    pages = {614-625},
      doi = {10.1086/520872},
   adsurl = {http://adsabs.harvard.edu/abs/2008ApJ...675..614P},
  adsnote = {Provided by the SAO/NASA Astrophysics Data System}
}

@ARTICLE{1999ApJ...518..298P,
   author = {{Points}, S.~D. and {Chu}, Y.~H. and {Kim}, S. and {Smith}, R.~C. and
  {Snowden}, S.~L. and {Brandner}, W. and {Gruendl}, R.~A.},
    title = "{The Supergiant Shell LMC 2. I. The Kinematics and Physical Structure}",
  journal = {\apj},
 keywords = {ISM: BUBBLES, ISM: INDIVIDUAL (LMC 2), ISM: KINEMATICS AND DYNAMICS, GALAXIES: MAGELLANIC CLOUDS, ISM: Bubbles, ISM: individual (LMC 2), ISM: Kinematics and Dynamics, Galaxies: Magellanic Clouds},
     year = 1999,
    month = jun,
   volume = 518,
    pages = {298-323},
      doi = {10.1086/307249},
   adsurl = {http://adsabs.harvard.edu/abs/1999ApJ...518..298P},
  adsnote = {Provided by the SAO/NASA Astrophysics Data System}
}


@PHDTHESIS{1999PhDT.........3R,
   author = {{Reetz}, J.},
   school = {LMU, Munich},
     year = 1999,
   adsurl = {http://adsabs.harvard.edu/abs/2002PhDT.........3P},
  adsnote = {Provided by the SAO/NASA Astrophysics Data System}
}

@INPROCEEDINGS{Richards13,
   author = {{Richards}, A.~M.~S.},
    title = "{Mass Loss from Betelgeuse}",
booktitle = {EAS Publications Series},
     year = 2013,
   series = {EAS Publications Series},
   volume = 60,
    month = may,
    pages = {207-217},
      doi = {10.1051/eas/1360024},
   adsurl = {http://adsabs.harvard.edu/abs/2013EAS....60..207R},
  adsnote = {Provided by the SAO/NASA Astrophysics Data System}
}

@ARTICLE{1995ApJ...445..642R,
   author = {{Richer}, M.~G. and {McCall}, M.~L.},
    title = "{Oxygen abundances in diffuse ellipticals and the metallicity-luminosity relations for dwarf galaxies}",
  journal = {\apj},
 keywords = {Abundance, Dwarf Galaxies, Elliptical Galaxies, Irregular Galaxies, Luminosity, Metallicity, Oxygen, Astronomical Spectroscopy, Distance, Iron, Planetary Nebulae, Star Formation},
     year = 1995,
    month = jun,
   volume = 445,
    pages = {642-659},
      doi = {10.1086/175727},
   adsurl = {http://adsabs.harvard.edu/abs/1995ApJ...445..642R},
  adsnote = {Provided by the SAO/NASA Astrophysics Data System}
}

@ARTICLE{Saio13,
   author = {{Saio}, H. and {Georgy}, C. and {Meynet}, G.},
    title = "{Evolution of blue supergiants and $\backslash$alpha Cygni variables; Puzzling CNO surface abundances}",
  journal = {ArXiv e-prints},
archivePrefix = "arXiv",
   eprint = {1305.2474},
 primaryClass = "astro-ph.SR",
 keywords = {Astrophysics - Solar and Stellar Astrophysics},
     year = 2013,
    month = may,
   adsurl = {http://adsabs.harvard.edu/abs/2013arXiv1305.2474S},
  adsnote = {Provided by the SAO/NASA Astrophysics Data System}
}


@ARTICLE{Sana12,
   author = {{Sana}, H. and {de Mink}, S.~E. and {de Koter}, A. and {Langer}, N. and
	{Evans}, C.~J. and {Gieles}, M. and {Gosset}, E. and {Izzard}, R.~G. and
	{Le Bouquin}, J.-B. and {Schneider}, F.~R.~N.},
    title = "{Multiplicity of massive O stars and evolutionary implications}",
  journal = {ArXiv e-prints},
archivePrefix = "arXiv",
   eprint = {1211.4740},
 primaryClass = "astro-ph.SR",
 keywords = {Astrophysics - Solar and Stellar Astrophysics, Astrophysics - Cosmology and Extragalactic Astrophysics},
     year = 2012,
    month = nov,
   adsurl = {http://adsabs.harvard.edu/abs/2012arXiv1211.4740S},
  adsnote = {Provided by the SAO/NASA Astrophysics Data System}
}

@ARTICLE{1992A&AS...96..269S,
   author = {{Schaller}, G. and {Schaerer}, D. and {Meynet}, G. and {Maeder}, A.
  },
    title = "{New grids of stellar models from 0.8 to 120 solar masses at Z = 0.020 and Z = 0.001}",
  journal = {\aaps},
 keywords = {Computational Astrophysics, Stellar Evolution, Stellar Models, Hertzsprung-Russell Diagram, Massive Stars, Optical Thickness, Photoionization, Stellar Atmospheres, Stellar Envelopes, Stellar Mass Ejection},
     year = 1992,
    month = dec,
   volume = 96,
    pages = {269-331},
   adsurl = {http://adsabs.harvard.edu/abs/1992A%26AS...96..269S},
  adsnote = {Provided by the SAO/NASA Astrophysics Data System}
}

@ARTICLE{1998ApJ...500..525S,
   author = {{Schlegel}, D.~J. and {Finkbeiner}, D.~P. and {Davis}, M.},
    title = "{Maps of Dust Infrared Emission for Use in Estimation of Reddening and Cosmic Microwave Background Radiation Foregrounds}",
  journal = {\apj},
   eprint = {astro-ph/9710327},
 keywords = {COSMOLOGY: DIFFUSE RADIATION, COSMOLOGY: COSMIC MICROWAVE BACKGROUND, ISM: DUST, EXTINCTION, INTERPLANETARY MEDIUM, INFRARED: ISM: CONTINUUM, Cosmology: Cosmic Microwave Background, Cosmology: Diffuse Radiation, ISM: Dust, Extinction, Infrared: ISM: Continuum, Interplanetary Medium},
     year = 1998,
    month = jun,
   volume = 500,
    pages = {525-553},
      doi = {10.1086/305772},
   adsurl = {http://esoads.eso.org/abs/1998ApJ...500..525S},
  adsnote = {Provided by the SAO/NASA Astrophysics Data System}
}


@ARTICLE{Schroder97,
   author = {{Schroder}, K.-P. and {Pols}, O.~R. and {Eggleton}, P.~P.},
    title = "{A critical test of stellar evolution and convective core `overshooting' by means of zeta Aurigae systems}",
  journal = {MNRAS},
 keywords = {BINARIES: ECLIPSING, STARS: EVOLUTION, STARS: LATE-TYPE},
     year = 1997,
    month = mar,
   volume = 285,
    pages = {696-710},
   adsurl = {http://adsabs.harvard.edu/abs/1997MNRAS.285..696S},
  adsnote = {Provided by the SAO/NASA Astrophysics Data System}
}


@ARTICLE{Schuster06,
   author = {{Schuster}, M.~T. and {Humphreys}, R.~M. and {Marengo}, M.},
    title = "{The Circumstellar Environments of NML Cygni and the Cool Hypergiants}",
  journal = {AJ},
   eprint = {arXiv:astro-ph/0510010},
 keywords = {Stars: Individual: Constellation Name: {$\rho$} Cassiopeiae, Stars: Individual: Constellation Name: NML Cygni, stars: individual (S Persei), Stars: Individual: Constellation Name: VX Sagittarii, Stars: Supergiants},
     year = 2006,
    month = jan,
   volume = 131,
    pages = {603-611},
      doi = {10.1086/498395},
   adsurl = {http://adsabs.harvard.edu/abs/2006AJ....131..603S},
  adsnote = {Provided by the SAO/NASA Astrophysics Data System}
}


@ARTICLE{2013Msngr.151...21S,
   author = {{Sharples}, R. and {Bender}, R. and {Agudo Berbel}, A. and {Bezawada}, N. and
   {Castillo}, R. and {Cirasuolo}, M. and {Davidson}, G. and {Davies}, R. and
   {Dubbeldam}, M. and {Fairley}, A. and {Finger}, G. and {Forster Schreiber}, N. and
   {Gonte}, F. and {Hess}, A. and {Jung}, I. and {Lewis}, I. and
   {Lizon}, J.-L. and {Muschielok}, B. and {Pasquini}, L. and {Pirard}, J. and
   {Popovic}, D. and {Ramsay}, S. and {Rees}, P. and {Richter}, J. and
   {Riquelme}, M. and {Rodrigues}, M. and {Saviane}, I. and {Schlichter}, J. and
   {Schmidtobreick}, L. and {Segovia}, A. and {Smette}, A. and
   {Szeifert}, T. and {van Kesteren}, A. and {Wegner}, M. and {Wiezorrek}, E.
  },
    title = "{First Light for the KMOS Multi-Object Integral-Field Spectrometer}",
  journal = {The Messenger},
     year = 2013,
    month = mar,
   volume = 151,
    pages = {21-23},
   adsurl = {http://cdsads.u-strasbg.fr/abs/2013Msngr.151...21S},
  adsnote = {Provided by the SAO/NASA Astrophysics Data System}
}


@ARTICLE{Shiode13,
   author = {{Shiode}, J.~H. and {Quataert}, E. and {Cantiello}, M. and {Bildsten}, L.
	},
    title = "{The observational signatures of convectively excited gravity modes in main-sequence stars}",
  journal = {MNRAS},
archivePrefix = "arXiv",
   eprint = {1210.5525},
 primaryClass = "astro-ph.SR",
 keywords = {convection, stars: interiors, stars: oscillations},
     year = 2013,
    month = apr,
   volume = 430,
    pages = {1736-1745},
      doi = {10.1093/mnras/sts719},
   adsurl = {http://adsabs.harvard.edu/abs/2013MNRAS.430.1736S},
  adsnote = {Provided by the SAO/NASA Astrophysics Data System}
}

@ARTICLE{2012A&A...540A.135S,
   author = {{Sibbons}, L.~F. and {Ryan}, S.~G. and {Cioni}, M.-R.~L. and
  {Irwin}, M. and {Napiwotzki}, R.},
    title = "{The AGB population of NGC 6822: distribution and the C/M ratio from JHK photometry}",
  journal = {\aap},
archivePrefix = "arXiv",
   eprint = {1202.3285},
 primaryClass = "astro-ph.CO",
 keywords = {techniques: photometric, stars: AGB and post-AGB, stars: carbon, galaxies: dwarf, galaxies: irregular},
     year = 2012,
    month = apr,
   volume = 540,
      eid = {A135},
    pages = {A135},
      doi = {10.1051/0004-6361/201118365},
   adsurl = {http://adsabs.harvard.edu/abs/2012A%26A...540A.135S},
  adsnote = {Provided by the SAO/NASA Astrophysics Data System}
}

@ARTICLE{Smartt09,
   author = {{Smartt}, S.~J.},
    title = "{Progenitors of Core-Collapse Supernovae}",
  journal = {ARA\&A},
archivePrefix = "arXiv",
   eprint = {0908.0700},
 primaryClass = "astro-ph.SR",
     year = 2009,
    month = sep,
   volume = 47,
    pages = {63-106},
      doi = {10.1146/annurev-astro-082708-101737},
   adsurl = {http://adsabs.harvard.edu/abs/2009ARA%26A..47...63S},
  adsnote = {Provided by the SAO/NASA Astrophysics Data System}
}

@ARTICLE{Smith01,
   author = {{Smith}, N. and {Humphreys}, R.~M. and {Davidson}, K. and {Gehrz}, R.~D. and
	{Schuster}, M.~T. and {Krautter}, J.},
    title = "{The Asymmetric Nebula Surrounding the Extreme Red Supergiant Vy Canis Majoris}",
  journal = {AJ},
 keywords = {Stars: Circumstellar Matter, Stars: Individual: Constellation Name: VY Canis Majoris, Stars: Supergiants},
     year = 2001,
    month = feb,
   volume = 121,
    pages = {1111-1125},
      doi = {10.1086/318748},
   adsurl = {http://adsabs.harvard.edu/abs/2001AJ....121.1111S},
  adsnote = {Provided by the SAO/NASA Astrophysics Data System}
}

@ARTICLE{2001MNRAS.327..918T,
   author = {{Tolstoy}, E. and {Irwin}, M.~J. and {Cole}, A.~A. and {Pasquini}, L. and
  {Gilmozzi}, R. and {Gallagher}, J.~S.},
    title = "{Using the Ca ii triplet to trace abundance variations in individual red giant branch stars in three nearby galaxies}",
  journal = {\mnras},
   eprint = {astro-ph/0107022},
 keywords = {GALAXIES: INDIVIDUAL: SCULPTOR, GALAXIES: INDIVIDUAL: FORNAX, GALAXIES: INDIVIDUAL: NGC 6822, GALAXIES: KINEMATICS AND DYNAMICS, LOCAL GROUP, INFRARED: GALAXIES},
     year = 2001,
    month = nov,
   volume = 327,
    pages = {918-938},
      doi = {10.1046/j.1365-8711.2001.04785.x},
   adsurl = {http://adsabs.harvard.edu/abs/2001MNRAS.327..918T},
  adsnote = {Provided by the SAO/NASA Astrophysics Data System}
}

@ARTICLE{Tremonti04,
   author = {{Tremonti}, C.~A. and {Heckman}, T.~M. and {Kauffmann}, G. and
	{Brinchmann}, J. and {Charlot}, S. and {White}, S.~D.~M. and
	{Seibert}, M. and {Peng}, E.~W. and {Schlegel}, D.~J. and {Uomoto}, A. and
	{Fukugita}, M. and {Brinkmann}, J.},
    title = "{The Origin of the Mass-Metallicity Relation: Insights from 53,000 Star-forming Galaxies in the Sloan Digital Sky Survey}",
  journal = {ApJ},
   eprint = {arXiv:astro-ph/0405537},
 keywords = {Galaxies: Abundances, Galaxies: Evolution, Galaxies: Fundamental Parameters, Galaxies: Statistics},
     year = 2004,
    month = oct,
   volume = 613,
    pages = {898-913},
      doi = {10.1086/423264},
   adsurl = {http://adsabs.harvard.edu/abs/2004ApJ...613..898T},
  adsnote = {Provided by the SAO/NASA Astrophysics Data System}
}


@ARTICLE{2001ApJ...547..765V,
   author = {{Venn}, K.~A. and {Lennon}, D.~J. and {Kaufer}, A. and {McCarthy}, J.~K. and
  {Przybilla}, N. and {Kudritzki}, R.~P. and {Lemke}, M. and {Skillman}, E.~D. and
  {Smartt}, S.~J.},
    title = "{First Stellar Abundances in NGC 6822 from VLT-UVES and Keck-HIRES Spectroscopy}",
  journal = {ApJ},
   eprint = {astro-ph/0009213},
 keywords = {Galaxies: Abundances, Galaxies: Individual: NGC Number: NGC 6822, Galaxies: Stellar Content, Stars: Abundances, Stars: Atmospheres, Stars: Supergiants},
     year = 2001,
    month = feb,
   volume = 547,
    pages = {765-776},
      doi = {10.1086/318424},
   adsurl = {http://adsabs.harvard.edu/abs/2001ApJ...547..765V},
  adsnote = {Provided by the SAO/NASA Astrophysics Data System}
}

@ARTICLE{1998ApJ...508..248V,
   author = {{V{\'{\i}}lchez}, J.~M. and {Iglesias-P{\'a}ramo}, J.},
    title = "{Bidimensional Spectroscopic Mapping and Chemical Abundances of the Star-forming Dwarf Galaxy I ZW 18}",
  journal = {\apj},
 keywords = {GALAXIES: ABUNDANCES, GALAXIES: INDIVIDUAL: ALPHANUMERIC: I ZW 18, GALAXIES: ISM, Galaxies: Abundances, Galaxies: Individual: Alphanumeric: I Zw 18, Galaxies: ISM},
     year = 1998,
    month = nov,
   volume = 508,
    pages = {248-261},
      doi = {10.1086/306374},
   adsurl = {http://adsabs.harvard.edu/abs/1998ApJ...508..248V},
  adsnote = {Provided by the SAO/NASA Astrophysics Data System}
}

@ARTICLE{Vink09,
   author = {{Vink}, J.~S.},
    title = "{Eta Carinae and the Luminous Blue Variables}",
  journal = {ArXiv e-prints},
archivePrefix = "arXiv",
   eprint = {0905.3338},
 primaryClass = "astro-ph.SR",
 keywords = {Astrophysics - Solar and Stellar Astrophysics, Astrophysics - Cosmology and Extragalactic Astrophysics, Astrophysics - Galaxy Astrophysics},
     year = 2009,
    month = may,
   adsurl = {http://adsabs.harvard.edu/abs/2009arXiv0905.3338V},
  adsnote = {Provided by the SAO/NASA Astrophysics Data System}
}

@INPROCEEDINGS{2008SPIE.7019E..27W,
   author = {{Wegner}, M. and {Muschielok}, B.},
    title = "{KARMA: the observation preparation tool for KMOS}",
booktitle = {Society of Photo-Optical Instrumentation Engineers (SPIE) Conference Series},
     year = 2008,
   series = {Society of Photo-Optical Instrumentation Engineers (SPIE) Conference Series},
   volume = 7019,
    month = aug,
      eid = {70190T},
      doi = {10.1117/12.787190},
   adsurl = {http://adsabs.harvard.edu/abs/2008SPIE.7019E..27W},
  adsnote = {Provided by the SAO/NASA Astrophysics Data System}
}

@ARTICLE{Weidner10,
   author = {{Weidner}, C. and {Kroupa}, P. and {Bonnell}, I.~A.~D.},
    title = "{The relation between the most-massive star and its parental star cluster mass}",
  journal = {MNRAS},
archivePrefix = "arXiv",
   eprint = {0909.1555},
 primaryClass = "astro-ph.SR",
 keywords = {stars: formation, stars: luminosity function, mass function, Galaxy: stellar content, galaxies: evolution, galaxies: star clusters, galaxies: stellar content},
     year = 2010,
    month = jan,
   volume = 401,
    pages = {275-293},
      doi = {10.1111/j.1365-2966.2009.15633.x},
   adsurl = {http://adsabs.harvard.edu/abs/2010MNRAS.401..275W},
  adsnote = {Provided by the SAO/NASA Astrophysics Data System}
}

@ARTICLE{2014ApJ...789..147W,
   author = {{Weisz}, D.~R. and {Dolphin}, A.~E. and {Skillman}, E.~D. and
  {Holtzman}, J. and {Gilbert}, K.~M. and {Dalcanton}, J.~J. and
  {Williams}, B.~F.},
    title = "{The Star Formation Histories of Local Group Dwarf Galaxies. I. Hubble Space Telescope/Wide Field Planetary Camera 2 Observations}",
  journal = {\apj},
archivePrefix = "arXiv",
   eprint = {1404.7144},
 keywords = {galaxies: dwarf, galaxies: evolution, galaxies: formation, galaxies: stellar content, Local Group},
     year = 2014,
    month = jul,
   volume = 789,
      eid = {147},
    pages = {147},
      doi = {10.1088/0004-637X/789/2/147},
   adsurl = {http://adsabs.harvard.edu/abs/2014ApJ...789..147W},
  adsnote = {Provided by the SAO/NASA Astrophysics Data System}
}


@ARTICLE{Wittowski12,
   author = {{Wittkowski}, M. and {Hauschildt}, P.~H. and {Arroyo-Torres}, B. and
	{Marcaide}, J.~M.},
    title = "{Fundamental properties and atmospheric structure of the red supergiant VY Canis Majoris based on VLTI/AMBER spectro-interferometry}",
  journal = {A\&A},
archivePrefix = "arXiv",
   eprint = {1203.5194},
 primaryClass = "astro-ph.SR",
 keywords = {supergiants, stars: atmospheres, stars: fundamental parameters, stars: mass-loss, stars: individual: VY CMa},
     year = 2012,
    month = apr,
   volume = 540,
      eid = {L12},
    pages = {L12},
      doi = {10.1051/0004-6361/201219126},
   adsurl = {http://adsabs.harvard.edu/abs/2012A%26A...540L..12W},
  adsnote = {Provided by the SAO/NASA Astrophysics Data System}
}

@ARTICLE{2003ApJ...587..278W,
   author = {{Wolfire}, M.~G. and {McKee}, C.~F. and {Hollenbach}, D. and
  {Tielens}, A.~G.~G.~M.},
    title = "{Neutral Atomic Phases of the Interstellar Medium in the Galaxy}",
  journal = {\apj},
   eprint = {astro-ph/0207098},
 keywords = {ISM: Clouds, ISM: General, ISM: Structure},
     year = 2003,
    month = apr,
   volume = 587,
    pages = {278-311},
      doi = {10.1086/368016},
   adsurl = {http://adsabs.harvard.edu/abs/2003ApJ...587..278W},
  adsnote = {Provided by the SAO/NASA Astrophysics Data System}
}

@ARTICLE{2008MNRAS.390.1453W,
   author = {{Woo}, J. and {Courteau}, S. and {Dekel}, A.},
    title = "{Scaling relations and the fundamental line of the local group dwarf galaxies}",
  journal = {\mnras},
archivePrefix = "arXiv",
   eprint = {0807.1331},
 keywords = {galaxies: dwarf , galaxies: formation , galaxies: fundamental parameters , Local Group},
     year = 2008,
    month = nov,
   volume = 390,
    pages = {1453-1469},
      doi = {10.1111/j.1365-2966.2008.13770.x},
   adsurl = {http://adsabs.harvard.edu/abs/2008MNRAS.390.1453W},
  adsnote = {Provided by the SAO/NASA Astrophysics Data System}
}

@ARTICLE{1983ApJ...272...99W,
   author = {{Wood}, P.~R. and {Bessell}, M.~S. and {Fox}, M.~W.},
    title = "{Long-period variables in the Magellanic Clouds - Supergiants, AGB stars, supernova precursors, planetary nebula precursors, and enrichment of the interstellar medium}",
  journal = {\apj},
 keywords = {Asymptotic Giant Branch Stars, Magellanic Clouds, Planetary Nebulae, Stellar Evolution, Supergiant Stars, Supernovae, Variable Stars, Abundance, Carbon Stars, Giant Stars, Interstellar Matter, Stellar Luminosity, Stellar Mass, Stellar Spectrophotometry},
     year = 1983,
    month = sep,
   volume = 272,
    pages = {99-115},
      doi = {10.1086/161265},
   adsurl = {http://adsabs.harvard.edu/abs/1983ApJ...272...99W},
  adsnote = {Provided by the SAO/NASA Astrophysics Data System}
}

@ARTICLE{Woosley02,
   author = {{Woosley}, S.~E. and {Heger}, A. and {Weaver}, T.~A.},
    title = "{The evolution and explosion of massive stars}",
  journal = {Reviews of Modern Physics},
 keywords = {Nucleosynthesis in novae, supernovae, and other explosive environments, Supernovae, Hydrostatic stellar nucleosynthesis, Elementary particle processes, Stellar structure, interiors, evolution, nucleosynthesis, ages, Neutron stars, Relativity and gravitation},
     year = 2002,
    month = nov,
   volume = 74,
    pages = {1015-1071},
      doi = {10.1103/RevModPhys.74.1015},
   adsurl = {http://adsabs.harvard.edu/abs/2002RvMP...74.1015W},
  adsnote = {Provided by the SAO/NASA Astrophysics Data System}
}

@ARTICLE{Yorke02,
   author = {{Yorke}, H.~W. and {Sonnhalter}, C.},
    title = "{On the Formation of Massive Stars}",
  journal = {ApJ},
   eprint = {arXiv:astro-ph/0201041},
 keywords = {Stars: Circumstellar Matter, Hydrodynamics, Radiative Transfer, Stars: Formation, Stars: Mass Loss},
     year = 2002,
    month = apr,
   volume = 569,
    pages = {846-862},
      doi = {10.1086/339264},
   adsurl = {http://adsabs.harvard.edu/abs/2002ApJ...569..846Y},
  adsnote = {Provided by the SAO/NASA Astrophysics Data System}
}

@ARTICLE{Zinnecker07,
   author = {{Zinnecker}, H. and {Yorke}, H.~W.},
    title = "{Toward Understanding Massive Star Formation}",
  journal = {ARA\&A},
archivePrefix = "arXiv",
   eprint = {0707.1279},
     year = 2007,
    month = sep,
   volume = 45,
    pages = {481-563},
      doi = {10.1146/annurev.astro.44.051905.092549},
   adsurl = {http://adsabs.harvard.edu/abs/2007ARA%26A..45..481Z},
  adsnote = {Provided by the SAO/NASA Astrophysics Data System}
}
